%%%%%%%%%%%%%%%%%%%%%% RADIATIVE TRANSFER
@ARTICLE{harropallinwarner1996,
   author = {{Harrop-Allin}, M.~K. and {Warner}, B.},
    title = "{Accretion disc radii in eclipsing cataclysmic variables}",
  journal = {\mnras},
 keywords = {ACCRETION, ACCRETION DISCS, BINARIES: ECLIPSING, NOVAE, CATACLYSMIC VARIABLES},
     year = 1996,
    month = mar,
   volume = 279,
    pages = {219-228},
   adsurl = {http://adsabs.harvard.edu/abs/1996MNRAS.279..219H},
  adsnote = {Provided by the SAO/NASA Astrophysics Data System}
}

@ARTICLE{kromersim2009,
   author = {{Kromer}, M. and {Sim}, S.~A.},
    title = "{Time-dependent three-dimensional spectrum synthesis for Type Ia supernovae}",
  journal = {\mnras},
archivePrefix = "arXiv",
   eprint = {0906.3152},
 primaryClass = "astro-ph.HE",
 keywords = {radiative transfer , methods: numerical , supernovae: general},
     year = 2009,
    month = oct,
   volume = 398,
    pages = {1809-1826},
      doi = {10.1111/j.1365-2966.2009.15256.x},
   adsurl = {http://adsabs.harvard.edu/abs/2009MNRAS.398.1809K},
  adsnote = {Provided by the SAO/NASA Astrophysics Data System}
}

@BOOK{sobolev1960,
   author = {{Sobolev}, V.~V.},
    title = "{Moving envelopes of stars}",
 keywords = {CIRCUMSTELLAR ENVELOPES},
booktitle = {Cambridge: Harvard University Press, 1960},
     year = 1960,
   adsurl = {http://adsabs.harvard.edu/abs/1960mes..book.....S},
  adsnote = {Provided by the SAO/NASA Astrophysics Data System}
}


@ARTICLE{sobolev1957,
   author = {{Sobolev}, V.~V.},
    title = "{The Diffusion of L{$\alpha$} Radiation in Nebulae and Stellar Envelopes.}",
  journal = {SvA},
     year = 1957,
    month = oct,
   volume = 1,
    pages = {678},
   adsurl = {http://adsabs.harvard.edu/abs/1957SvA.....1..678S},
  adsnote = {Provided by the SAO/NASA Astrophysics Data System}
}

@ARTICLE{rybickihummer1978,
   author = {{Rybicki}, G.~B. and {Hummer}, D.~G.},
    title = "{A generalization of the Sobolev method for flows with nonlocal radiative coupling}",
  journal = {\apj},
 keywords = {Atmospheric Circulation, Flow Velocity, Radiative Transfer, Stellar Atmospheres, Coupling, Iteration, Mathematical Models, Monotone Functions, Velocity Distribution},
     year = 1978,
    month = jan,
   volume = 219,
    pages = {654-675},
      doi = {10.1086/155826},
   adsurl = {http://adsabs.harvard.edu/abs/1978ApJ...219..654R},
  adsnote = {Provided by the SAO/NASA Astrophysics Data System}
}

@ARTICLE{hartley2005,
   author = {{Hartley}, L.~E. and {Murray}, J.~R. and {Drew}, J.~E. and {Long}, K.~S.
	},
    title = "{Spiral waves and the secondary star in the nova-like variable V3885 Sgr}",
  journal = {\mnras},
   eprint = {astro-ph/0507495},
 keywords = {accretion, accretion discs, line: profiles, binaries: close, binaries: spectroscopic, stars: individual: V3885 Sgr, novae, cataclysmic variables},
     year = 2005,
    month = oct,
   volume = 363,
    pages = {285-292},
      doi = {10.1111/j.1365-2966.2005.09447.x},
   adsurl = {http://adsabs.harvard.edu/abs/2005MNRAS.363..285H},
  adsnote = {Provided by the SAO/NASA Astrophysics Data System}
}



@ARTICLE{macgregor1979,
   author = {{MacGregor}, K.~B. and {Hartmann}, L. and {Raymond}, J.~C.},
    title = "{Radiative amplification of sound waves in the winds of O and B stars}",
  journal = {\apj},
 keywords = {B Stars, O Stars, Radiative Transfer, Sound Waves, Stellar Winds, Absorption Spectra, Numerical Analysis, Optical Thickness, Wave Dispersion},
     year = 1979,
    month = jul,
   volume = 231,
    pages = {514-523},
      doi = {10.1086/157213},
   adsurl = {http://adsabs.harvard.edu/abs/1979ApJ...231..514M},
  adsnote = {Provided by the SAO/NASA Astrophysics Data System}
}

@ARTICLE{owockirybicki1984,
   author = {{Owocki}, S.~P. and {Rybicki}, G.~B.},
    title = "{Instabilities in line-driven stellar winds. I - Dependence on perturbation wavelength}",
  journal = {\apj},
 keywords = {Hot Stars, Magnetohydrodynamic Stability, Perturbation Theory, Radiative Transfer, Sobolev Space, Stellar Winds, Bessel Functions, Doppler Effect, Sound Waves},
     year = 1984,
    month = sep,
   volume = 284,
    pages = {337-350},
      doi = {10.1086/162412},
   adsurl = {http://adsabs.harvard.edu/abs/1984ApJ...284..337O},
  adsnote = {Provided by the SAO/NASA Astrophysics Data System}
}


@ARTICLE{walker1963,
   author = {{Walker}, M.~F.},
    title = "{Photoelectric Observations of RW Trianguli.}",
  journal = {\apj},
     year = 1963,
    month = feb,
   volume = 137,
    pages = {485},
      doi = {10.1086/147523},
   adsurl = {http://adsabs.harvard.edu/abs/1963ApJ...137..485W},
  adsnote = {Provided by the SAO/NASA Astrophysics Data System}
}



@ARTICLE{Schwarzenberg-Czerny1977,
   author = {{Schwarzenberg-Czerny}, A. and {R{\'o}zyczka}, M.},
    title = "{Theoretical UBV colours of accretion discs in cataclysmic variables.}",
  journal = {\actaa},
     year = 1977,
   volume = 27,
    pages = {429-436},
   adsurl = {http://adsabs.harvard.edu/abs/1977AcA....27..429S},
  adsnote = {Provided by the SAO/NASA Astrophysics Data System}
}



@ARTICLE{owockirybicki1985,
   author = {{Owocki}, S.~P. and {Rybicki}, G.~B.},
    title = "{Instabilities in line-driven stellar winds. II - Effect of scattering}",
  journal = {\apj},
 keywords = {Electromagnetic Scattering, Radiative Transfer, Stellar Winds, Limb Darkening, Optical Thickness, Perturbation Theory, Transfer Functions, Wave Dispersion},
     year = 1985,
    month = dec,
   volume = 299,
    pages = {265-276},
      doi = {10.1086/163697},
   adsurl = {http://adsabs.harvard.edu/abs/1985ApJ...299..265O},
  adsnote = {Provided by the SAO/NASA Astrophysics Data System}
}

@ARTICLE{proga1998,
   author = {{Proga}, D. and {Stone}, J.~M. and {Drew}, J.~E.},
    title = "{Radiation-driven winds from luminous accretion discs}",
  journal = {\mnras},
   eprint = {astro-ph/9710305},
 keywords = {Accretion Disks, Stellar Winds, Hydrodynamics, Radiation Pressure, Time Dependence, Cataclysmic Variables},
     year = 1998,
    month = apr,
   volume = 295,
    pages = {595},
      doi = {10.1046/j.1365-8711.1998.01337.x},
   adsurl = {http://adsabs.harvard.edu/abs/1998MNRAS.295..595P},
  adsnote = {Provided by the SAO/NASA Astrophysics Data System}
}


@ARTICLE{prinja2000,
   author = {{Prinja}, R.~K. and {Ringwald}, F.~A. and {Wade}, R.~A. and 
	{Knigge}, C.},
    title = "{HST ultraviolet observations of rapid variability in the accretion-disc wind of BZ Cam}",
  journal = {\mnras},
 keywords = {ACCRETION, ACCRETION DISCS, STARS: INDIVIDUAL: BZ CAM, STARS: MASS-LOSS, NOVAE, CATACLYSMIC VARIABLES, ULTRAVIOLET: STARS},
     year = 2000,
    month = feb,
   volume = 312,
    pages = {316-326},
      doi = {10.1046/j.1365-8711.2000.03111.x},
   adsurl = {http://adsabs.harvard.edu/abs/2000MNRAS.312..316P},
  adsnote = {Provided by the SAO/NASA Astrophysics Data System}
}

@ARTICLE{heap1978,
   author = {{Heap}, S.~R. and {Boggess}, A. and {Holm}, A. and {Klinglesmith}, D.~A. and 
	{Sparks}, W. and {West}, D. and {Wu}, C.~C. and {Boksenberg}, A. and 
	{Willis}, A. and {Wilson}, R. and {Macchetto}, F. and {Selvelli}, P.~O. and 
	{Stickland}, D. and {Greenstein}, J.~L. and {Hutchings}, J.~B. and 
	{Underhill}, A.~B. and {Viotti}, R. and {Whelan}, J.~A.~J.},
    title = "{IUE observations of hot stars - HZ43, BD +75 deg 325, NGC 6826, SS Cygni, Eta Carinae}",
  journal = {\nat},
 keywords = {Hot Stars, Iue, Novae, Planetary Nebulae, Stellar Spectra, Ultraviolet Astronomy, Absorption Spectra, Data Reduction, Spaceborne Astronomy, Spectral Energy Distribution, Stellar Spectrophotometry, White Dwarf Stars},
     year = 1978,
    month = oct,
   volume = 275,
    pages = {385-388},
      doi = {10.1038/275385a0},
   adsurl = {http://adsabs.harvard.edu/abs/1978Natur.275..385H},
  adsnote = {Provided by the SAO/NASA Astrophysics Data System}
}


@ARTICLE{neustroev2011,
   author = {{Neustroev}, V.~V. and {Suleimanov}, V.~F. and {Borisov}, N.~V. and 
    {Belyakov}, K.~V. and {Shearer}, A.},
    title = "{Dark spot, spiral waves and the SW Sextantis behaviour: it is all about UX Ursae Majoris}",
  journal = {\mnras},
archivePrefix = "arXiv",
   eprint = {1006.3106},
 primaryClass = "astro-ph.SR",
 keywords = {accretion, accretion discs, methods: observational, binaries: close, stars: individual: UX Ursae Majoris, novae, cataclysmic variables},
     year = 2011,
    month = jan,
   volume = 410,
    pages = {963-977},
      doi = {10.1111/j.1365-2966.2010.17495.x},
   adsurl = {http://adsabs.harvard.edu/abs/2011MNRAS.410..963N},
  adsnote = {Provided by the SAO/NASA Astrophysics Data System}
}
@ARTICLE{ladous1989,
   author = {{La Dous}, C.},
    title = "{Synthetic optical and ultraviolet spectra of stationary accretion disks}",
  journal = {\aap},
 keywords = {Absorption Spectra, Accretion Disks, Cataclysmic Variables, Ultraviolet Spectra, Visible Spectrum, Dwarf Novae, Line Spectra, Optical Thickness, Stellar Atmospheres, Stellar Spectrophotometry, White Dwarf Stars},
     year = 1989,
    month = feb,
   volume = 211,
    pages = {131-155},
   adsurl = {http://cdsads.u-strasbg.fr/abs/1989A%26A...211..131L},
  adsnote = {Provided by the SAO/NASA Astrophysics Data System}
}

@ARTICLE{cordovamason1985,
   author = {{Cordova}, F.~A. and {Mason}, K.~O.},
    title = "{High-velocity winds in close binaries with accretion disks. II - The view along the plane of the disk}",
  journal = {\apj},
 keywords = {Eclipsing Binary Stars, Light Curve, Line Spectra, Stellar Mass Accretion, Stellar Spectrophotometry, Ultraviolet Spectra, Cataclysmic Variables, Iue, Photoionization, Wavelengths},
     year = 1985,
    month = mar,
   volume = 290,
    pages = {671-682},
      doi = {10.1086/163024},
   adsurl = {http://adsabs.harvard.edu/abs/1985ApJ...290..671C},
  adsnote = {Provided by the SAO/NASA Astrophysics Data System}
}

@ARTICLE{patterson1996,
   author = {{Patterson}, J. and {Patino}, R. and {Thorstensen}, J.~R. and 
  {Harvey}, D. and {Skillman}, D.~R. and {Ringwald}, F.~A.},
    title = "{Periods and Quasiperiods in the Cataclysmic Variable BZ Camelopardalis}",
  journal = {\aj},
 keywords = {CATACLYSMIC VARIABLES, STARS: INDIVIDUAL: BZ CAMELOPARDALIS, STARS: OSCILLATIONS},
     year = 1996,
    month = jun,
   volume = 111,
    pages = {2422},
      doi = {10.1086/117976},
   adsurl = {http://adsabs.harvard.edu/abs/1996AJ....111.2422P},
  adsnote = {Provided by the SAO/NASA Astrophysics Data System}
}


%%%%%%%%%%%%%%%%%%%%%%% AGN

@ARTICLE{peterson1998,
   author = {{Peterson}, B.~M.},
    title = "{Reverberation mapping of active nuclei}",
  journal = {Advances in Space Research},
     year = 1998,
   volume = 21,
    pages = {57-66},
      doi = {10.1016/S0273-1177(97)00614-5},
   adsurl = {http://adsabs.harvard.edu/abs/1998AdSpR..21...57P},
  adsnote = {Provided by the SAO/NASA Astrophysics Data System}
}


%
% Chris reynolds paper on compston thick winds close in. discussed in telecon
%
@ARTICLE{reynolds2012,
   author = {{Reynolds}, C.~S.},
    title = "{Constraints on Compton-thick winds from black hole accretion disks: can we see the inner disk?}",
  journal = {ArXiv e-prints},
archivePrefix = "arXiv",
   eprint = {1210.3029},
 primaryClass = "astro-ph.HE",
 keywords = {Astrophysics - High Energy Astrophysical Phenomena},
     year = 2012,
    month = oct,
   adsurl = {http://adsabs.harvard.edu/abs/2012arXiv1210.3029R},
  adsnote = {Provided by the SAO/NASA Astrophysics Data System}
}


@ARTICLE{drew1987,
   author = {{Drew}, J.~E.},
    title = "{Inclination and orbital-phase-dependent resonance line-profile calculations applied to cataclysmic variable winds}",
  journal = {\mnras},
 keywords = {Cataclysmic Variables, Orbital Resonances (Celestial Mechanics), Resonance Lines, Stellar Orbits, Stellar Spectra, Stellar Winds, Ultraviolet Spectra, Accretion Disks, Dwarf Novae, Eclipsing Binary Stars, Inclination, Light Curve, Stellar Mass Ejection},
     year = 1987,
    month = feb,
   volume = 224,
    pages = {595-632},
   adsurl = {http://adsabs.harvard.edu/abs/1987MNRAS.224..595D},
  adsnote = {Provided by the SAO/NASA Astrophysics Data System}
}


@ARTICLE{seaton1959,
   author = {{Seaton}, M.~J.},
    title = "{The solution of capture-cascade equations for hydrogen}",
  journal = {\mnras},
     year = 1959,
   volume = 119,
    pages = {90},
   adsurl = {http://adsabs.harvard.edu/abs/1959MNRAS.119...90S},
  adsnote = {Provided by the SAO/NASA Astrophysics Data System}
}


@ARTICLE{MC97,
   author = {{Murray}, N. and {Chiang}, J.},
    title = "{Disk Winds and Disk Emission Lines}",
  journal = {\apj},
 keywords = {Accretion, Accretion Disks, Galaxies: Active, Line: Formation, Stars: Novae, Cataclysmic Variables},
     year = 1997,
    month = jan,
   volume = 474,
    pages = {91-103},
   adsurl = {http://adsabs.harvard.edu/abs/1997ApJ...474...91M},
  adsnote = {Provided by the SAO/NASA Astrophysics Data System}
}


@ARTICLE{puebla2011,
   author = {{Puebla}, R.~E. and {Diaz}, M.~P. and {Hillier}, D.~J. and {Hubeny}, I.
  },
    title = "{A Method for the Study of Accretion Disk Emission in Cataclysmic Variables. I. The Model}",
  journal = {\apj},
archivePrefix = "arXiv",
   eprint = {1105.0851},
 primaryClass = "astro-ph.SR",
 keywords = {accretion, accretion disks, novae, cataclysmic variables, stars: mass-loss, ultraviolet: general},
     year = 2011,
    month = jul,
   volume = 736,
      eid = {17},
    pages = {17},
      doi = {10.1088/0004-637X/736/1/17},
   adsurl = {http://adsabs.harvard.edu/abs/2011ApJ...736...17P},
  adsnote = {Provided by the SAO/NASA Astrophysics Data System}
}

@ARTICLE{kafka2004,
   author = {{Kafka}, S. and {Honeycutt}, R.~K.},
    title = "{Detecting Outflows from Cataclysmic Variables in the Optical}",
  journal = {\aj},
 keywords = {Stars: Binaries: Close, Stars: Novae, Cataclysmic Variables, Stars: Fundamental Parameters},
     year = 2004,
    month = nov,
   volume = 128,
    pages = {2420-2429},
      doi = {10.1086/424618},
   adsurl = {http://adsabs.harvard.edu/abs/2004AJ....128.2420K},
  adsnote = {Provided by the SAO/NASA Astrophysics Data System}
}



@ARTICLE{sim2004,
   author = {{Sim}, S.~A.},
    title = "{Mass-loss rates for hot luminous stars: the influence of line branching}",
  journal = {\mnras},
   eprint = {astro-ph/0401149},
 keywords = {radiative transfer, methods: numerical, stars: individual: {$\zeta$} Pup, stars: mass-loss, stars: Wolf-Rayet},
     year = 2004,
    month = apr,
   volume = 349,
    pages = {899-908},
      doi = {10.1111/j.1365-2966.2004.07562.x},
   adsurl = {http://adsabs.harvard.edu/abs/2004MNRAS.349..899S},
  adsnote = {Provided by the SAO/NASA Astrophysics Data System}
}


@ARTICLE{tatum2012,
   author = {{Tatum}, M.~M. and {Turner}, T.~J. and {Sim}, S.~A. and {Miller}, L. and 
  {Reeves}, J.~N. and {Patrick}, A.~R. and {Long}, K.~S.},
    title = "{Modeling the Fe K Line Profiles in Type I Active Galactic Nuclei with a Compton-thick Disk Wind}",
  journal = {\apj},
archivePrefix = "arXiv",
   eprint = {1204.2535},
 primaryClass = "astro-ph.CO",
 keywords = {accretion, accretion disks, galaxies: active, X-rays: galaxies},
     year = 2012,
    month = jun,
   volume = 752,
      eid = {94},
    pages = {94},
      doi = {10.1088/0004-637X/752/2/94},
   adsurl = {http://adsabs.harvard.edu/abs/2012ApJ...752...94T},
  adsnote = {Provided by the SAO/NASA Astrophysics Data System}
}



@ARTICLE{kasen2006,
   author = {{Kasen}, D. and {Thomas}, R.~C. and {Nugent}, P.},
    title = "{Time-dependent Monte Carlo Radiative Transfer Calculations for Three-dimensional Supernova Spectra, Light Curves, and Polarization}",
  journal = {\apj},
   eprint = {astro-ph/0606111},
 keywords = {Polarization, Radiative Transfer, Stars: Supernovae: General},
     year = 2006,
    month = nov,
   volume = 651,
    pages = {366-380},
      doi = {10.1086/506190},
   adsurl = {http://adsabs.harvard.edu/abs/2006ApJ...651..366K},
  adsnote = {Provided by the SAO/NASA Astrophysics Data System}
}



@ARTICLE{carciofibjorkman2006,
   author = {{Carciofi}, A.~C. and {Bjorkman}, J.~E.},
    title = "{Non-LTE Monte Carlo Radiative Transfer. I. The Thermal Properties of Keplerian Disks around Classical Be Stars}",
  journal = {\apj},
   eprint = {astro-ph/0511228},
 keywords = {Stars: Circumstellar Matter, Radiative Transfer, Stars: Emission-Line, Be},
     year = 2006,
    month = mar,
   volume = 639,
    pages = {1081-1094},
      doi = {10.1086/499483},
   adsurl = {http://adsabs.harvard.edu/abs/2006ApJ...639.1081C},
  adsnote = {Provided by the SAO/NASA Astrophysics Data System}
}


@ARTICLE{elitzur1983,
   author = {{Elitzur}, M. and {Ferland}, G.~J. and {Mathews}, S.~G. and 
  {Shields}, G.~A.},
    title = "{Stimulated emission and the flat Balmer decrements of cataclysmic variable stars}",
  journal = {\apjl},
 keywords = {Balmer Series, Emission Spectra, Stellar Spectra, Variable Stars, Binary Stars, Electron Density (Concentration), Electron Energy, Gas Density, H Lines, Hydrogen},
     year = 1983,
    month = sep,
   volume = 272,
    pages = {L55-L59},
      doi = {10.1086/184116},
   adsurl = {http://adsabs.harvard.edu/abs/1983ApJ...272L..55E},
  adsnote = {Provided by the SAO/NASA Astrophysics Data System}
}


%
% standard CV winds ref
%
@ARTICLE{cordova1982,
   author = {{Cordova}, F.~A. and {Mason}, K.~O.},
    title = "{High-velocity winds from a dwarf nova during outburst}",
  journal = {\apj},
 keywords = {DWARF NOVAE, STELLAR MASS EJECTION, STELLAR WINDS, ULTRAVIOLET SPECTRA, VARIABLE STARS, ABSORPTION SPECTRA, BINARY STARS, BURSTS, IUE, STELLAR LUMINOSITY, STELLAR SPECTRA, WIND VELOCITY},
     year = 1982,
    month = sep,
   volume = 260,
    pages = {716-721},
      doi = {10.1086/160291},
   adsurl = {http://adsabs.harvard.edu/abs/1982ApJ...260..716C},
  adsnote = {Provided by the SAO/NASA Astrophysics Data System}
}

@ARTICLE{linnell2010,
   author = {{Linnell}, A.~P. and {Godon}, P. and {Hubeny}, I. and {Sion}, E.~M. and 
  {Szkody}, P.},
    title = "{The Anomalous Accretion Disk of the Cataclysmic Variable RW Sextantis}",
  journal = {\apj},
archivePrefix = "arXiv",
   eprint = {1006.2832},
 primaryClass = "astro-ph.SR",
 keywords = {novae, cataclysmic variables, stars: individual: constellation name: RW Sextantis, white dwarfs},
     year = 2010,
    month = aug,
   volume = 719,
    pages = {271-286},
      doi = {10.1088/0004-637X/719/1/271},
   adsurl = {http://adsabs.harvard.edu/abs/2010ApJ...719..271L},
  adsnote = {Provided by the SAO/NASA Astrophysics Data System}
}


%% iron curtain
@ARTICLE{horne1994,
   author = {{Horne}, K. and {Marsh}, T.~R. and {Cheng}, F.~H. and {Hubeny}, I. and 
  {Lanz}, T.},
    title = "{HST eclipse mapping of dwarf nova OY Carinae in quiescence: an 'Fe II curtain' with Mach approx. = 6 velocity dispersion veils the white dwarf}",
  journal = {\apj},
 keywords = {Accretion Disks, Astronomical Models, Cataclysmic Variables, Dwarf Novae, Iron, Ultraviolet Astronomy, Ultraviolet Spectra, Velocity Distribution, White Dwarf Stars, Balmer Series, Brightness Distribution, Carbon, Chromosphere, Hubble Space Telescope, Spectrographs, Stark Effect},
     year = 1994,
    month = may,
   volume = 426,
    pages = {294-307},
      doi = {10.1086/174064},
   adsurl = {http://adsabs.harvard.edu/abs/1994ApJ...426..294H},
  adsnote = {Provided by the SAO/NASA Astrophysics Data System}
}

@ARTICLE{smak1981,
   author = {{Smak}, J.},
    title = "{On the Emission Lines from Rotating Gaseous Disks}",
  journal = {\actaa},
     year = 1981,
   volume = 31,
    pages = {395},
   adsurl = {http://adsabs.harvard.edu/abs/1981AcA....31..395S},
  adsnote = {Provided by the SAO/NASA Astrophysics Data System}
}

@ARTICLE{hornemarsh1986,
   author = {{Horne}, K. and {Marsh}, T.~R.},
    title = "{Emission line formation in accretion discs}",
  journal = {\mnras},
 keywords = {Accretion Disks, Emission Spectra, Line Shape, Line Spectra, Optical Thickness, Spectrum Analysis, Balmer Series, Computational Astrophysics, Doppler Effect, Dwarf Novae, Kepler Laws, Shear Flow, Velocity Distribution},
     year = 1986,
    month = feb,
   volume = 218,
    pages = {761-773},
   adsurl = {http://adsabs.harvard.edu/abs/1986MNRAS.218..761H},
  adsnote = {Provided by the SAO/NASA Astrophysics Data System}
}



@ARTICLE{lyndenbell1974,
   author = {{Lynden-Bell}, D. and {Pringle}, J.~E.},
    title = "{The evolution of viscous discs and the origin of the nebular variables.}",
  journal = {\mnras},
     year = 1974,
    month = sep,
   volume = 168,
    pages = {603-637},
   adsurl = {http://adsabs.harvard.edu/abs/1974MNRAS.168..603L},
  adsnote = {Provided by the SAO/NASA Astrophysics Data System}
}


%% hoare and drew, zanstra method
@ARTICLE{hoare1991,
   author = {{Hoare}, M.~G. and {Drew}, J.~E.},
    title = "{Boundary-layer temperatures in high accretion rate cataclysmic variables}",
  journal = {\mnras},
 keywords = {Accretion Disks, Cataclysmic Variables, Dwarf Novae, Radiative Recombination, Stellar Envelopes, Boundary Layers, Stellar Winds, Temperature Distribution, White Dwarf Stars, X Ray Spectra},
     year = 1991,
    month = apr,
   volume = 249,
    pages = {452-459},
   adsurl = {http://cdsads.u-strasbg.fr/abs/1991MNRAS.249..452H},
  adsnote = {Provided by the SAO/NASA Astrophysics Data System}
}


% fender book on XRB jets
@INBOOK{fender2006,
   author = {{Fender}, R.},
    title = "{Jets from X-ray binaries}",
 keywords = {X-Ray Binaries, Jets},
booktitle = {Compact stellar X-ray sources},
     year = 2006,
    month = apr,
   editor = {{Lewin}, W.~H.~G. and {van der Klis}, M.},
    pages = {381-419},
   adsurl = {http://adsabs.harvard.edu/abs/2006csxs.book..381F},
  adsnote = {Provided by the SAO/NASA Astrophysics Data System}
}


%
% NSH AGN paper 1
%
@ARTICLE{higginbottom2013,
   author = {{Higginbottom}, N. and {Knigge}, C. and {Long}, K.~S. and {Sim}, S.~A. and 
  {Matthews}, J.~H.},
    title = "{A simple disc wind model for broad absorption line quasars}",
  journal = {\mnras},
archivePrefix = "arXiv",
   eprint = {1308.5973},
 primaryClass = "astro-ph.CO",
 keywords = {radiative transfer, methods: numerical, galaxies: active, quasars: absorption lines, quasars: general},
     year = 2013,
    month = dec,
   volume = 436,
    pages = {1390-1407},
      doi = {10.1093/mnras/stt1658},
   adsurl = {http://adsabs.harvard.edu/abs/2013MNRAS.436.1390H},
  adsnote = {Provided by the SAO/NASA Astrophysics Data System}
}

@INPROCEEDINGS{higginbottom2012,
   author = {{Higginbottom}, N. and {Long}, K.~S. and {Knigge}, C. and {Sim}, S.~A.
	},
    title = "{Modelling the Spectra of (BAL)QSOs}",
booktitle = {AGN Winds in Charleston},
     year = 2012,
   series = {Astronomical Society of the Pacific Conference Series},
   volume = 460,
archivePrefix = "arXiv",
   eprint = {1112.3809},
 primaryClass = "astro-ph.CO",
   editor = {{Chartas}, G. and {Hamann}, F. and {Leighly}, K.~M.},
    month = aug,
    pages = {194},
   adsurl = {http://adsabs.harvard.edu/abs/2012ASPC..460..194H},
  adsnote = {Provided by the SAO/NASA Astrophysics Data System}
}



%% BLR in NLSI
@ARTICLE{pancoast2012,
   author = {{Pancoast}, A. and {Brewer}, B.~J. and {Treu}, T. and {Barth}, A.~J. and 
	{Bennert}, V.~N. and {Canalizo}, G. and {Filippenko}, A.~V. and 
	{Gates}, E.~L. and {Greene}, J.~E. and {Li}, W. and {Malkan}, M.~A. and 
	{Sand}, D.~J. and {Stern}, D. and {Woo}, J.-H. and {Assef}, R.~J. and 
	{Bae}, H.-J. and {Buehler}, T. and {Cenko}, S.~B. and {Clubb}, K.~I. and 
	{Cooper}, M.~C. and {Diamond-Stanic}, A.~M. and {Hiner}, K.~D. and 
	{H{\"o}nig}, S.~F. and {Joner}, M.~D. and {Kandrashoff}, M.~T. and 
	{Laney}, C.~D. and {Lazarova}, M.~S. and {Nierenberg}, A.~M. and 
	{Park}, D. and {Silverman}, J.~M. and {Son}, D. and {Sonnenfeld}, A. and 
	{Thorman}, S.~J. and {Tollerud}, E.~J. and {Walsh}, J.~L. and 
	{Walters}, R.},
    title = "{The Lick AGN Monitoring Project 2011: Dynamical Modeling of the Broad-line Region in Mrk 50}",
  journal = {\apj},
archivePrefix = "arXiv",
   eprint = {1205.3789},
 primaryClass = "astro-ph.CO",
 keywords = {galaxies: active, galaxies: individual: Mrk 50, galaxies: nuclei},
     year = 2012,
    month = jul,
   volume = 754,
      eid = {49},
    pages = {49},
      doi = {10.1088/0004-637X/754/1/49},
   adsurl = {http://adsabs.harvard.edu/abs/2012ApJ...754...49P},
  adsnote = {Provided by the SAO/NASA Astrophysics Data System}
}


%
% Composite spectra ref
%
@ARTICLE{reichard2003,
   author = {{Reichard}, T.~A. and {Richards}, G.~T. and {Hall}, P.~B. and 
	{Schneider}, D.~P. and {Vanden Berk}, D.~E. and {Fan}, X. and 
	{York}, D.~G. and {Knapp}, G.~R. and {Brinkmann}, J.},
    title = "{Continuum and Emission-Line Properties of Broad Absorption Line Quasars}",
  journal = {\aj},
   eprint = {arXiv:astro-ph/0308508},
 keywords = {Galaxies: Quasars: Absorption Lines, Galaxies: Quasars: Emission Lines, Galaxies: Quasars: General},
     year = 2003,
    month = dec,
   volume = 126,
    pages = {2594-2607},
      doi = {10.1086/379293},
   adsurl = {http://adsabs.harvard.edu/abs/2003AJ....126.2594R},
  adsnote = {Provided by the SAO/NASA Astrophysics Data System}
}

@ARTICLE{lucy1999sne,
   author = {{Lucy}, L.~B.},
    title = "{Improved Monte Carlo techniques for the spectral synthesis of supernovae}",
  journal = {\aap},
 keywords = {RADIATIVE TRANSFER, METHODS: NUMERICAL, STARS: ATMOSPHERES, STARS: SUPERNOVAE: GENERAL},
     year = 1999,
    month = may,
   volume = 345,
    pages = {211-220},
   adsurl = {http://adsabs.harvard.edu/abs/1999A%26A...345..211L},
  adsnote = {Provided by the SAO/NASA Astrophysics Data System}
}



@ARTICLE{knigge2008,
   author = {{Knigge}, C. and {Scaringi}, S. and {Goad}, M.~R. and {Cottis}, C.~E.
	},
    title = "{The intrinsic fraction of broad-absorption line quasars}",
  journal = {\mnras},
archivePrefix = "arXiv",
   eprint = {0802.3697},
 keywords = {methods: statistical , catalogues , surveys , quasars: absorption lines},
     year = 2008,
    month = may,
   volume = 386,
    pages = {1426-1435},
      doi = {10.1111/j.1365-2966.2008.13081.x},
   adsurl = {http://adsabs.harvard.edu/abs/2008MNRAS.386.1426K},
  adsnote = {Provided by the SAO/NASA Astrophysics Data System}
}



@BOOK{mihalas,
   author = {{Mihalas}, D.~M.},
    title = "{Stellar atmospheres.}",
booktitle = {Stellar atmospheres..~D.~M.~Mihalas.~Translated from the English edition.~Mir, Moskva.~Part I.~352 pp.~Part II.~424 pp.~(1982).~In Russian.~-},
     year = 1982,
   adsurl = {http://adsabs.harvard.edu/abs/1982stat.book.....M},
  adsnote = {Provided by the SAO/NASA Astrophysics Data System}
}



%
% Macro atom paper on YSOs
%
@ARTICLE{simmacro2005,
   author = {{Sim}, S.~A. and {Drew}, J.~E. and {Long}, K.~S.},
    title = "{Two-dimensional Monte Carlo simulations of HI line formation in massive young stellar object disc winds}",
  journal = {\mnras},
   eprint = {arXiv:astro-ph/0508103},
 keywords = {radiative transfer, methods: numerical, stars: early-type, stars: winds, outflows},
     year = 2005,
    month = oct,
   volume = 363,
    pages = {615-627},
      doi = {10.1111/j.1365-2966.2005.09472.x},
   adsurl = {http://adsabs.harvard.edu/abs/2005MNRAS.363..615S},
  adsnote = {Provided by the SAO/NASA Astrophysics Data System}
}


@ARTICLE{simlong2008,
   author = {{Sim}, S.~A. and {Long}, K.~S. and {Miller}, L. and {Turner}, T.~J.
	},
    title = "{Multidimensional modelling of X-ray spectra for AGN accretion disc outflows}",
  journal = {\mnras},
archivePrefix = "arXiv",
   eprint = {0805.2251},
 keywords = {radiative transfer , methods: numerical , galaxies: active , X-rays: galaxies},
     year = 2008,
    month = aug,
   volume = 388,
    pages = {611-624},
      doi = {10.1111/j.1365-2966.2008.13466.x},
   adsurl = {http://adsabs.harvard.edu/abs/2008MNRAS.388..611S},
  adsnote = {Provided by the SAO/NASA Astrophysics Data System}
}


@ARTICLE{LK02,
   author = {{Long}, K.~S. and {Knigge}, C.},
    title = "{Modeling the Spectral Signatures of Accretion Disk Winds: A New Monte Carlo Approach}",
  journal = {\apj},
   eprint = {arXiv:astro-ph/0208011},
 keywords = {Accretion, Accretion Disks, Stars: Binaries: Close, Stars: Novae, Cataclysmic Variables, Stars: Individual: Constellation Name: Z Camelopardalis, Stars: Mass Loss},
     year = 2002,
    month = nov,
   volume = 579,
    pages = {725-740},
      doi = {10.1086/342879},
   adsurl = {http://adsabs.harvard.edu/abs/2002ApJ...579..725L},
  adsnote = {Provided by the SAO/NASA Astrophysics Data System}
}



%
% 0.4 bal fraction, redshift
%
@ARTICLE{allen2011,
   author = {{Allen}, J.~T. and {Hewett}, P.~C. and {Maddox}, N. and {Richards}, G.~T. and 
	{Belokurov}, V.},
    title = "{A strong redshift dependence of the broad absorption line quasar fraction}",
  journal = {\mnras},
archivePrefix = "arXiv",
   eprint = {1007.3991},
 primaryClass = "astro-ph.CO",
 keywords = {methods: data analysis, galaxies: active, galaxies: nuclei, quasars: absorption lines, galaxies: statistics},
     year = 2011,
    month = jan,
   volume = 410,
    pages = {860-884},
      doi = {10.1111/j.1365-2966.2010.17489.x},
   adsurl = {http://adsabs.harvard.edu/abs/2011MNRAS.410..860A},
  adsnote = {Provided by the SAO/NASA Astrophysics Data System}
}

@ARTICLE{Patruno2014,
   author = {{Patruno}, A. and {Archibald}, A.~M. and {Hessels}, J.~W.~T. and 
  {Bogdanov}, S. and {Stappers}, B.~W. and {Bassa}, C.~G. and 
  {Janssen}, G.~H. and {Kaspi}, V.~M. and {Tendulkar}, S. and 
  {Lyne}, A.~G.},
    title = "{A New Accretion Disk around the Missing Link Binary System PSR J1023+0038}",
  journal = {\apjl},
archivePrefix = "arXiv",
   eprint = {1310.7549},
 primaryClass = "astro-ph.HE",
 keywords = {pulsars: individual: PSR J1023+0038, X-rays: binaries },
     year = 2014,
    month = jan,
   volume = 781,
      eid = {L3},
    pages = {L3},
      doi = {10.1088/2041-8205/781/1/L3},
   adsurl = {http://adsabs.harvard.edu/abs/2014ApJ...781L...3P},
  adsnote = {Provided by the SAO/NASA Astrophysics Data System}
}


@ARTICLE{mchardy2006,
   author = {{McHardy}, I.~M. and {Koerding}, E. and {Knigge}, C. and {Uttley}, P. and 
	{Fender}, R.~P.},
    title = "{Active galactic nuclei as scaled-up Galactic black holes}",
  journal = {\nat},
   eprint = {arXiv:astro-ph/0612273},
     year = 2006,
    month = dec,
   volume = 444,
    pages = {730-732},
      doi = {10.1038/nature05389},
   adsurl = {http://adsabs.harvard.edu/abs/2006Natur.444..730M},
  adsnote = {Provided by the SAO/NASA Astrophysics Data System}
}

@ARTICLE{elvis2000,
   author = {{Elvis}, M.},
    title = "{A Structure for Quasars}",
  journal = {\apj},
   eprint = {arXiv:astro-ph/0008064},
 keywords = {Galaxies: Quasars: Absorption Lines, Galaxies: Quasars: General},
     year = 2000,
    month = dec,
   volume = 545,
    pages = {63-76},
      doi = {10.1086/317778},
   adsurl = {http://adsabs.harvard.edu/abs/2000ApJ...545...63E},
  adsnote = {Provided by the SAO/NASA Astrophysics Data System}
}

@BOOK{osterbrock,
   author = {{Osterbrock}, D.~E.},
    title = "{Astrophysics of gaseous nebulae and active galactic nuclei}",
 keywords = {Active Galactic Nuclei, Astrophysics, Planetary Nebulae, Quasars, Seyfert Galaxies, Computational Astrophysics, Cosmic Dust, Emission Spectra, Interstellar Matter, Photoionization, Spectrum Analysis, Stellar Physics, Supernova Remnants, Thermodynamic Equilibrium},
booktitle = {Research supported by the University of California, John Simon Guggenheim Memorial Foundation, University of Minnesota, et al.~Mill Valley, CA, University Science Books, 1989, 422 p.},
     year = 1989,
   adsurl = {http://adsabs.harvard.edu/abs/1989agna.book.....O},
  adsnote = {Provided by the SAO/NASA Astrophysics Data System}
}

@ARTICLE{zanstra1929,
   author = {{Zanstra}, H.},
    title = "{Luminosity of Planetary Nebulae and Stellar Temperatures}",
  journal = {Publications of the Dominion Astrophysical Observatory Victoria},
     year = 1929,
   volume = 4,
    pages = {209},
   adsurl = {http://adsabs.harvard.edu/abs/1929PDAO....4..209Z},
  adsnote = {Provided by the SAO/NASA Astrophysics Data System}
}

%NV CIV strengths with BL temp
@ARTICLE{hoaredrew1993,
   author = {{Hoare}, M.~G. and {Drew}, J.~E.},
    title = "{The ionization state of the winds from cataclysmic variables without classical boundary layers}",
  journal = {\mnras},
 keywords = {Accretion Disks, Boundary Layers, Cataclysmic Variables, Photoionization, Stellar Models, Stellar Winds, Radiative Transfer, Resonance Lines, Ultraviolet Spectra},
     year = 1993,
    month = feb,
   volume = 260,
    pages = {647-662},
   adsurl = {http://adsabs.harvard.edu/abs/1993MNRAS.260..647H},
  adsnote = {Provided by the SAO/NASA Astrophysics Data System}
}



@ARTICLE{kordingDNjet2008,
   author = {{K{\"o}rding}, E. and {Rupen}, M. and {Knigge}, C. and {Fender}, R. and 
  {Dhawan}, V. and {Templeton}, M. and {Muxlow}, T.},
    title = "{A Transient Radio Jet in an Erupting Dwarf Nova}",
  journal = {Science},
archivePrefix = "arXiv",
   eprint = {0806.1002},
     year = 2008,
    month = jun,
   volume = 320,
    pages = {1318-},
      doi = {10.1126/science.1155492},
   adsurl = {http://adsabs.harvard.edu/abs/2008Sci...320.1318K},
  adsnote = {Provided by the SAO/NASA Astrophysics Data System}
}

@ARTICLE{kording2011,
   author = {{K{\"o}rding}, E.~G. and {Knigge}, C. and {Tzioumis}, T. and 
  {Fender}, R.},
    title = "{Detection of radio emission from a nova-like cataclysmic variable: evidence of jets?}",
  journal = {\mnras},
 keywords = {novae, cataclysmic variables, ISM: jets and outflows, radio continuum: stars},
     year = 2011,
    month = nov,
   volume = 418,
    pages = {L129-L132},
      doi = {10.1111/j.1745-3933.2011.01158.x},
   adsurl = {http://adsabs.harvard.edu/abs/2011MNRAS.418L.129K},
  adsnote = {Provided by the SAO/NASA Astrophysics Data System}
}



@ARTICLE{lucy2003,
   author = {{Lucy}, L.~B.},
    title = "{Monte Carlo transition probabilities. II.}",
  journal = {\aap},
   eprint = {arXiv:astro-ph/0303202},
 keywords = {methods: numerical, radiative transfer, stars: atmospheres, stars: supernovae: general, line: formation},
     year = 2003,
    month = may,
   volume = 403,
    pages = {261-275},
      doi = {10.1051/0004-6361:20030357},
   adsurl = {http://adsabs.harvard.edu/abs/2003A%26A...403..261L},
  adsnote = {Provided by the SAO/NASA Astrophysics Data System}
}


@ARTICLE{lucy2002,
   author = {{Lucy}, L.~B.},
    title = "{Monte Carlo transition probabilities}",
  journal = {\aap},
   eprint = {arXiv:astro-ph/0107377},
 keywords = {METHODS: NUMERICAL, RADIATIVE TRANSFER, STARS: ATMOSPHERES, LINE: FORMATION},
     year = 2002,
    month = mar,
   volume = 384,
    pages = {725-735},
      doi = {10.1051/0004-6361:20011756},
   adsurl = {http://adsabs.harvard.edu/abs/2002A%26A...384..725L},
  adsnote = {Provided by the SAO/NASA Astrophysics Data System}
}

@ARTICLE{lucy1993wolfrayet,
   author = {{Lucy}, L.~B. and {Abbott}, D.~C.},
    title = "{Multiline transfer and the dynamics of Wolf-Rayet winds}",
  journal = {\apj},
 keywords = {MASS FLOW, MONTE CARLO METHOD, RADIATIVE TRANSFER, STELLAR WINDS, WOLF-RAYET STARS, ASTRONOMICAL MODELS, ELECTRON SCATTERING, LINE SPECTRA, LUMINOSITY, PHOTOIONIZATION, RADIATION PRESSURE, STRATIFICATION},
     year = 1993,
    month = mar,
   volume = 405,
    pages = {738-746},
      doi = {10.1086/172402},
   adsurl = {http://adsabs.harvard.edu/abs/1993ApJ...405..738L},
  adsnote = {Provided by the SAO/NASA Astrophysics Data System}
}


@ARTICLE{AL85,
   author = {{Abbott}, D.~C. and {Lucy}, L.~B.},
    title = "{Multiline transfer and the dynamics of stellar winds}",
  journal = {\apj},
 keywords = {COMPUTATIONAL ASTROPHYSICS, EARLY STARS, RADIATIVE TRANSFER, STELLAR SPECTRA, STELLAR WINDS, ATOMIC ENERGY LEVELS, LINE SPECTRA, MONTE CARLO METHOD, PARTICLE ACCELERATION, STELLAR MASS EJECTION, ULTRAVIOLET SPECTRA},
     year = 1985,
    month = jan,
   volume = 288,
    pages = {679-693},
      doi = {10.1086/162834},
   adsurl = {http://adsabs.harvard.edu/abs/1985ApJ...288..679A},
  adsnote = {Provided by the SAO/NASA Astrophysics Data System}
}

@ARTICLE{lucy1999radeq,
   author = {{Lucy}, L.~B.},
    title = "{Computing radiative equilibria with Monte Carlo techniques}",
  journal = {\aap},
 keywords = {RADIATIVE TRANSFER, METHODS: NUMERICAL, STARS: ATMOSPHERES},
     year = 1999,
    month = apr,
   volume = 344,
    pages = {282-288},
   adsurl = {http://adsabs.harvard.edu/abs/1999A%26A...344..282L},
  adsnote = {Provided by the SAO/NASA Astrophysics Data System}
}


@ARTICLE{shaviv1991,
   author = {{Shaviv}, G. and {Wehrse}, R.},
    title = "{Continuous energy distributions of accretion discs}",
  journal = {\aap},
 keywords = {Accretion Disks, Cataclysmic Variables, Spectral Energy Distribution, White Dwarf Stars, Astronomical Models, Novae, Radiative Transfer, Stellar Atmospheres},
     year = 1991,
    month = nov,
   volume = 251,
    pages = {117-132},
   adsurl = {http://adsabs.harvard.edu/abs/1991A%26A...251..117S},
  adsnote = {Provided by the SAO/NASA Astrophysics Data System}
}


@ARTICLE{ML93,
   author = {{Mazzali}, P.~A. and {Lucy}, L.~B.},
    title = "{The application of Monte Carlo methods to the synthesis of early-time supernovae spectra}",
  journal = {\aap},
 keywords = {MONTE CARLO METHOD, RADIATIVE TRANSFER, STELLAR ENVELOPES, STELLAR MODELS, STELLAR SPECTRA, SUPERNOVAE, COMPUTERIZED SIMULATION, LINE SPECTRA, MATHEMATICAL MODELS, PHOTOIONIZATION, PHOTOSPHERE, STELLAR LUMINOSITY},
     year = 1993,
    month = nov,
   volume = 279,
    pages = {447-456},
   adsurl = {http://adsabs.harvard.edu/abs/1993A%26A...279..447M},
  adsnote = {Provided by the SAO/NASA Astrophysics Data System}
}

%% fender ref for xrb jets
@INBOOK{fenderbook2006,
   author = {{Fender}, R.},
    title = "{Jets from X-ray binaries}",
 keywords = {X-Ray Binaries, Jets},
booktitle = {Compact stellar X-ray sources},
     year = 2006,
    month = apr,
   editor = {{Lewin}, W.~H.~G. and {van der Klis}, M.},
    pages = {381-419},
   adsurl = {http://adsabs.harvard.edu/abs/2006csxs.book..381F},
  adsnote = {Provided by the SAO/NASA Astrophysics Data System}
}

%% lada reference for yso winds
@ARTICLE{lada1985,
   author = {{Lada}, C.~J.},
    title = "{Cold outflows, energetic winds, and enigmatic jets around young stellar objects}",
  journal = {\araa},
 keywords = {JET FLOW, STELLAR ENVELOPES, STELLAR EVOLUTION, STELLAR MASS EJECTION, STELLAR WINDS, ASTRONOMICAL CATALOGS, ASTROPHYSICS, HERBIG-HARO OBJECTS, MOLECULAR CLOUDS, T TAURI STARS, WATER MASERS},
     year = 1985,
   volume = 23,
    pages = {267-317},
      doi = {10.1146/annurev.aa.23.090185.001411},
   adsurl = {http://adsabs.harvard.edu/abs/1985ARA%26A..23..267L},
  adsnote = {Provided by the SAO/NASA Astrophysics Data System}
}

%% ponti ubiquitous disc winds
@ARTICLE{ponti2012,
   author = {{Ponti}, G. and {Fender}, R.~P. and {Begelman}, M.~C. and {Dunn}, R.~J.~H. and 
	{Neilsen}, J. and {Coriat}, M.},
    title = "{Ubiquitous equatorial accretion disc winds in black hole soft states}",
  journal = {\mnras},
archivePrefix = "arXiv",
   eprint = {1201.4172},
 primaryClass = "astro-ph.HE",
 keywords = {accretion, accretion disc, blackhole physics, methods: observational, techniques: spectroscopic, quasars: absorption lines, X-rays: binaries},
     year = 2012,
    month = may,
   volume = 422,
    pages = {L11},
      doi = {10.1111/j.1745-3933.2012.01224.x},
   adsurl = {http://adsabs.harvard.edu/abs/2012MNRAS.422L..11P},
  adsnote = {Provided by the SAO/NASA Astrophysics Data System}
}


%% kellerman for ubiquitous outflows
@ARTICLE{kellerman1989,
   author = {{Kellermann}, K.~I. and {Sramek}, R. and {Schmidt}, M. and {Shaffer}, D.~B. and 
	{Green}, R.},
    title = "{VLA observations of objects in the Palomar Bright Quasar Survey}",
  journal = {\aj},
 keywords = {ASTRONOMICAL CATALOGS, QUASARS, RADIO SOURCES (ASTRONOMY), VERY LARGE ARRAY (VLA), CENTIMETER WAVES, DATA SAMPLING, LUMINOSITY, RADIANT FLUX DENSITY},
     year = 1989,
    month = oct,
   volume = 98,
    pages = {1195-1207},
      doi = {10.1086/115207},
   adsurl = {http://adsabs.harvard.edu/abs/1989AJ.....98.1195K},
  adsnote = {Provided by the SAO/NASA Astrophysics Data System}
}


%% fraction of quasars with outflows
@ARTICLE{ganguly2008,
   author = {{Ganguly}, R. and {Brotherton}, M.~S.},
    title = "{On the Fraction of Quasars with Outflows}",
  journal = {\apj},
archivePrefix = "arXiv",
   eprint = {0710.0588},
 keywords = {Accretion, Accretion Disks, Galaxies: Active, Galaxies: Quasars: Absorption Lines, Galaxies: Quasars: General},
     year = 2008,
    month = jan,
   volume = 672,
    pages = {102-107},
      doi = {10.1086/524106},
   adsurl = {http://adsabs.harvard.edu/abs/2008ApJ...672..102G},
  adsnote = {Provided by the SAO/NASA Astrophysics Data System}
}

%% fabian 2012 review paper on agn feedback
@ARTICLE{fabian2012,
   author = {{Fabian}, A.~C.},
    title = "{Observational Evidence of Active Galactic Nuclei Feedback}",
  journal = {\araa},
archivePrefix = "arXiv",
   eprint = {1204.4114},
 primaryClass = "astro-ph.CO",
     year = 2012,
    month = sep,
   volume = 50,
    pages = {455-489},
      doi = {10.1146/annurev-astro-081811-125521},
   adsurl = {http://adsabs.harvard.edu/abs/2012ARA%26A..50..455F},
  adsnote = {Provided by the SAO/NASA Astrophysics Data System}
}

%% msigma relation, not necessarily the best 
@ARTICLE{haring2004,
   author = {{H{\"a}ring}, N. and {Rix}, H.-W.},
    title = "{On the Black Hole Mass-Bulge Mass Relation}",
  journal = {\apjl},
   eprint = {arXiv:astro-ph/0402376},
 keywords = {Galaxies: Bulges, Galaxies: Kinematics and Dynamics},
     year = 2004,
    month = apr,
   volume = 604,
    pages = {L89-L92},
      doi = {10.1086/383567},
   adsurl = {http://adsabs.harvard.edu/abs/2004ApJ...604L..89H},
  adsnote = {Provided by the SAO/NASA Astrophysics Data System}
}

%% turner miller on X-ray wind effects
@ARTICLE{turnermiller2009,
   author = {{Turner}, T.~J. and {Miller}, L.},
    title = "{X-ray absorption and reflection in active galactic nuclei}",
  journal = {\aapr},
archivePrefix = "arXiv",
   eprint = {0902.0651},
 primaryClass = "astro-ph.HE",
 keywords = {Galaxies: active, X-rays: galaxies},
     year = 2009,
    month = mar,
   volume = 17,
    pages = {47-104},
      doi = {10.1007/s00159-009-0017-1},
   adsurl = {http://adsabs.harvard.edu/abs/2009A%26ARv..17...47T},
  adsnote = {Provided by the SAO/NASA Astrophysics Data System}
}


%% weymann ref for UV spectra in NH13, 
%Comparisons of the emission-line and continuum properties of broad absorption line and normal quasi-stellar objects}"
@ARTICLE{weymann1991,
   author = {{Weymann}, R.~J. and {Morris}, S.~L. and {Foltz}, C.~B. and 
	{Hewett}, P.~C.},
    title = "{Comparisons of the emission-line and continuum properties of broad absorption line and normal quasi-stellar objects}",
  journal = {\apj},
 keywords = {CONTINUOUS RADIATION, EMISSION SPECTRA, LINE SPECTRA, QUASARS, STELLAR SPECTRA, DATA REDUCTION, SPECTRAL LINE WIDTH, SPECTRUM ANALYSIS, STATISTICAL ANALYSIS, quasars},
     year = 1991,
    month = may,
   volume = 373,
    pages = {23-53},
      doi = {10.1086/170020},
   adsurl = {http://adsabs.harvard.edu/abs/1991ApJ...373...23W},
  adsnote = {Provided by the SAO/NASA Astrophysics Data System}
}


@INPROCEEDINGS{kurucz1991,
   author = {{Kurucz}, R.~L.},
    title = "{New Opacity Calculations}",
booktitle = {NATO ASIC Proc. 341: Stellar Atmospheres - Beyond Classical Models},
     year = 1991,
   editor = {{Crivellari}, L. and {Hubeny}, I. and {Hummer}, D.~G.},
    pages = {441},
   adsurl = {http://adsabs.harvard.edu/abs/1991sabc.conf..441K},
  adsnote = {Provided by the SAO/NASA Astrophysics Data System}
}

@ARTICLE{wade1984,
   author = {{Wade}, R.~A.},
    title = "{A double grid of accretion disc model spectra for cataclysmic variable stars}",
  journal = {\mnras},
 keywords = {Accretion Disks, Binary Stars, Stellar Models, Stellar Spectra, Variable Stars, Atmospheric Models, Grids, Late Stars, Radiation Sources, Ultraviolet Astronomy, White Dwarf Stars},
     year = 1984,
    month = may,
   volume = 208,
    pages = {381-398},
   adsurl = {http://adsabs.harvard.edu/abs/1984MNRAS.208..381W},
  adsnote = {Provided by the SAO/NASA Astrophysics Data System}
}


@ARTICLE{wade1988,
   author = {{Wade}, R.~A.},
    title = "{A test of synthetic accretion disk spectra using ultraviolet flux distributions of novalike variables}",
  journal = {\apj},
 keywords = {Accretion Disks, Blue Stars, Cataclysmic Variables, Novae, Stellar Spectrophotometry, Ultraviolet Radiation, Astronomical Models, Optical Thickness, Radiant Flux Density, Spectral Energy Distribution, Stellar Atmospheres, Stellar Color},
     year = 1988,
    month = dec,
   volume = 335,
    pages = {394-405},
      doi = {10.1086/166934},
   adsurl = {http://adsabs.harvard.edu/abs/1988ApJ...335..394W},
  adsnote = {Provided by the SAO/NASA Astrophysics Data System}
}




@ARTICLE{morabito2013,
   author = {{Morabito}, L.~K. and {Dai}, X. and {Leighly}, K.~M. and {Sivakoff}, G.~R. and 
  {Shankar}, F.},
    title = "{Unveiling the Intrinsic X-ray Properties of Broad Absorption Line Quasars with a Relatively Unbiased Sample}",
  journal = {ArXiv e-prints},
archivePrefix = "arXiv",
   eprint = {1309.5978},
 primaryClass = "astro-ph.HE",
 keywords = {Astrophysics - High Energy Astrophysical Phenomena},
     year = 2013,
    month = sep,
   adsurl = {http://adsabs.harvard.edu/abs/2013arXiv1309.5978M},
  adsnote = {Provided by the SAO/NASA Astrophysics Data System}
}

@ARTICLE{knigge1998,
   author = {{Knigge}, C. and {Long}, K.~S. and {Wade}, R.~A. and {Baptista}, R. and 
  {Horne}, K. and {Hubeny}, I. and {Rutten}, R.~G.~M.},
    title = "{Hubble Space Telescope Eclipse Observations of the Nova-like Cataclysmic Variable UX Ursae Majoris}",
  journal = {\apj},
   eprint = {astro-ph/9801206},
 keywords = {ACCRETION, ACCRETION DISKS, STARS: BINARIES: CLOSE, STARS: NOVAE, CATACLYSMIC VARIABLES, STARS: INDIVIDUAL CONSTELLATION NAME: UX URSAE MAJORIS, ULTRAVIOLET: STARS, Accretion, Accretion Disks, Stars: Binaries: Close, Stars: Novae, Cataclysmic Variables, Stars: Individual: Constellation Name: UX Ursae Majoris, Ultraviolet: Stars},
     year = 1998,
    month = may,
   volume = 499,
    pages = {414-428},
      doi = {10.1086/305617},
   adsurl = {http://adsabs.harvard.edu/abs/1998ApJ...499..414K},
  adsnote = {Provided by the SAO/NASA Astrophysics Data System}
}

@ARTICLE{hassall,
   author = {{Hassall}, B.~J.~M.},
    title = "{A superoutburst of the dwarf nova EK Trianguli Australis}",
  journal = {\mnras},
 keywords = {Accretion Disks, Dwarf Novae, Stellar Atmospheres, Stellar Spectrophotometry, Ultraviolet Spectra, Light Curve, Mass Transfer, Stellar Models},
     year = 1985,
    month = sep,
   volume = 216,
    pages = {335-352},
   adsurl = {http://adsabs.harvard.edu/abs/1985MNRAS.216..335H},
  adsnote = {Provided by the SAO/NASA Astrophysics Data System}
}

@ARTICLE{ladous1989b,
   author = {{La Dous}, C.},
    title = "{On the Balmer jump in dwarf novae during the outburst}",
  journal = {\mnras},
 keywords = {Accretion Disks, Balmer Series, Cataclysmic Variables, Dwarf Novae, Astronomical Models, Main Sequence Stars, Stellar Spectra, White Dwarf Stars},
     year = 1989,
    month = jun,
   volume = 238,
    pages = {935-943},
   adsurl = {http://adsabs.harvard.edu/abs/1989MNRAS.238..935L},
  adsnote = {Provided by the SAO/NASA Astrophysics Data System}
}

@ARTICLE{baptista2000,
   author = {{Baptista}, R. and {Silveira}, C. and {Steiner}, J.~E. and {Horne}, K.},
    title = "{Spatially resolved spectra of the accretion disc of the nova-like variable UU Aquarii}",
  journal = {\mnras},
   eprint = {astro-ph/0002189},
 keywords = {ACCRETION, ACCRETION DISCS, BINARIES: CLOSE, BINARIES: ECLIPSING, STARS: INDIVIDUAL: UU AQR, NOVAE, CATACLYSMIC VARIABLES},
     year = 2000,
    month = jun,
   volume = 314,
    pages = {713-726},
      doi = {10.1046/j.1365-8711.2000.03325.x},
   adsurl = {http://adsabs.harvard.edu/abs/2000MNRAS.314..713B},
  adsnote = {Provided by the SAO/NASA Astrophysics Data System}
}


@ARTICLE{long1991,
   author = {{Long}, K.~S. and {Blair}, W.~P. and {Davidsen}, A.~F. and {Bowers}, C.~W. and 
  {Dixon}, W.~V.~D. and {Durrance}, S.~T. and {Feldman}, P.~D. and 
  {Henry}, R.~C. and {Kriss}, G.~A. and {Kruk}, J.~W. and {Moos}, H.~W. and 
  {Vancura}, O. and {Ferguson}, H.~C. and {Kimble}, R.~A.},
    title = "{Spectroscopy of Z Camelopardalis in outburst with the Hopkins Ultraviolet Telescope}",
  journal = {\apjl},
 keywords = {Accretion Disks, Cataclysmic Variables, Dwarf Novae, Spaceborne Astronomy, Stellar Spectrophotometry, Ultraviolet Telescopes, Absorption Spectra, Astro Missions (Sts), Lyman Alpha Radiation, Stellar Atmospheres, Stellar Models, Ultraviolet Spectra},
     year = 1991,
    month = nov,
   volume = 381,
    pages = {L25-L29},
      doi = {10.1086/186188},
   adsurl = {http://adsabs.harvard.edu/abs/1991ApJ...381L..25L},
  adsnote = {Provided by the SAO/NASA Astrophysics Data System}
}

@ARTICLE{long1994,
   author = {{Long}, K.~S. and {Wade}, R.~A. and {Blair}, W.~P. and {Davidsen}, A.~F. and 
  {Hubeny}, I.},
    title = "{Observations of the bright novalike variable IX Velorum with the Hopkins Ultraviolet Telescope}",
  journal = {\apj},
 keywords = {Absorption Spectra, Cataclysmic Variables, Spectrum Analysis, Stellar Spectra, Astro Missions (Sts), Astronomical Models, Lyman Alpha Radiation, Lyman Beta Radiation, Stellar Atmospheres, Stellar Winds, Ultraviolet Astronomy, Ultraviolet Telescopes, White Dwarf Stars},
     year = 1994,
    month = may,
   volume = 426,
    pages = {704-715},
      doi = {10.1086/174107},
   adsurl = {http://adsabs.harvard.edu/abs/1994ApJ...426..704L},
  adsnote = {Provided by the SAO/NASA Astrophysics Data System}
}

@ARTICLE{knigge1997,
   author = {{Knigge}, C. and {Long}, K.~S. and {Blair}, W.~P. and {Wade}, R.~A.
  },
    title = "{Disks, Winds, and Veiling Curtains: Dissecting the Ultraviolet Spectrum of the Dwarf Nova Z Camelopardalis in Outburst}",
  journal = {\apj},
 keywords = {Accretion, Accretion Disks, Stars: Binaries: Close, Stars: Novae, Cataclysmic Variables, Stars: Individual: Constellation Name: Z Camelopardalis, Stars: Mass Loss, Ultraviolet: Stars},
     year = 1997,
    month = feb,
   volume = 476,
    pages = {291-310},
   adsurl = {http://adsabs.harvard.edu/abs/1997ApJ...476..291K},
  adsnote = {Provided by the SAO/NASA Astrophysics Data System}
}

@ARTICLE{kd1997,
   author = {{Knigge}, C. and {Drew}, J.~E.},
    title = "{Eclipse Mapping of the Accretion Disk Wind in the Cataclysmic Variable UX Ursae Majoris}",
  journal = {\apj},
 keywords = {Accretion, Accretion Disks, Stars: Binaries: Eclipsing, Stars: Novae, Cataclysmic Variables, Stars: Individual: Constellation Name: UX Ursae Majoris, Stars: Mass Loss, Ultraviolet: Stars},
     year = 1997,
    month = sep,
   volume = 486,
    pages = {445-456},
   adsurl = {http://adsabs.harvard.edu/abs/1997ApJ...486..445K},
  adsnote = {Provided by the SAO/NASA Astrophysics Data System}
}


%% review paper on BELS in AGN
@ARTICLE{sulentic2000,
   author = {{Sulentic}, J.~W. and {Marziani}, P. and {Dultzin-Hacyan}, D.
	},
    title = "{Phenomenology of Broad Emission Lines in Active Galactic Nuclei}",
  journal = {\araa},
 keywords = {SEYFERT GALAXIES, QUASARS, ACCRETION DISKS, SPECTROSCOPY, EMISSION LINES, LINE FORMATION},
     year = 2000,
   volume = 38,
    pages = {521-571},
      doi = {10.1146/annurev.astro.38.1.521},
   adsurl = {http://cdsads.u-strasbg.fr/abs/2000ARA%26A..38..521S},
  adsnote = {Provided by the SAO/NASA Astrophysics Data System}
}


%% review paper on AGN emission line unification
@ARTICLE{veroncetty2000,
   author = {{V{\'e}ron-Cetty}, M.~P. and {V{\'e}ron}, P.},
    title = "{The emission line spectrum of active galactic nuclei and the unifying scheme}",
  journal = {\aapr},
 keywords = {Galaxies: active, BL Lacertae objects, Quasars, Seyfert},
     year = 2000,
   volume = 10,
    pages = {81-133},
      doi = {10.1007/s001590000006},
   adsurl = {http://adsabs.harvard.edu/abs/2000A%26ARv..10...81V},
  adsnote = {Provided by the SAO/NASA Astrophysics Data System}
}

%% Peterson paper on reverb mapping
@ARTICLE{peterson1993,
   author = {{Peterson}, B.~M.},
    title = "{Reverberation mapping of active galactic nuclei}",
  journal = {\pasp},
 keywords = {ACTIVE GALACTIC NUCLEI, ASTRONOMICAL MAPS, EMISSION SPECTRA, REVERBERATION, ASTRONOMICAL SPECTROSCOPY, CROSS CORRELATION, LUMINOSITY, SPECTRAL LINE WIDTH, TRANSFER FUNCTIONS},
     year = 1993,
    month = mar,
   volume = 105,
    pages = {247-268},
      doi = {10.1086/133140},
   adsurl = {http://cdsads.u-strasbg.fr/abs/1993PASP..105..247P},
  adsnote = {Provided by the SAO/NASA Astrophysics Data System}
}

%% Classic agn unification paper
@ARTICLE{UP95,
   author = {{Urry}, C.~M. and {Padovani}, P.},
    title = "{Unified Schemes for Radio-Loud Active Galactic Nuclei}",
  journal = {\pasp},
   eprint = {arXiv:astro-ph/9506063},
 keywords = {GALAXIES: ACTIVE, GALAXIES: FUNDAMENTAL PARAMETERS},
     year = 1995,
    month = sep,
   volume = 107,
    pages = {803},
      doi = {10.1086/133630},
   adsurl = {http://adsabs.harvard.edu/abs/1995PASP..107..803U},
  adsnote = {Provided by the SAO/NASA Astrophysics Data System}
}

%% Murray and Chiand reference CK likes
%% calculate line force
%% get emission lines from base of wind
%% kind of what we're aiming for, but less transparent / complete
@ARTICLE{MCGV95,
   author = {{Murray}, N. and {Chiang}, J. and {Grossman}, S.~A. and {Voit}, G.~M.
	},
    title = "{Accretion Disk Winds from Active Galactic Nuclei}",
  journal = {\apj},
 keywords = {ACCRETION, ACCRETION DISKS, GALAXIES: NUCLEI, GALAXIES: QUASARS: ABSORPTION LINES},
     year = 1995,
    month = oct,
   volume = 451,
    pages = {498},
      doi = {10.1086/176238},
   adsurl = {http://adsabs.harvard.edu/abs/1995ApJ...451..498M},
  adsnote = {Provided by the SAO/NASA Astrophysics Data System}
}



%%
%% thermal radiation pressure, emission measure
%%
@ARTICLE{kaastra,
   author = {{Kaastra}, J.~S. and {Paerels}, F.~B.~S. and {Durret}, F. and 
	{Schindler}, S. and {Richter}, P.},
    title = "{Thermal Radiation Processes}",
  journal = {\ssr},
archivePrefix = "arXiv",
   eprint = {0801.1011},
 keywords = {Atomic processes, Radiation mechanisms: thermal, Intergalactic medium, X-rays: general},
     year = 2008,
    month = feb,
   volume = 134,
    pages = {155-190},
      doi = {10.1007/s11214-008-9310-y},
   adsurl = {http://adsabs.harvard.edu/abs/2008SSRv..134..155K},
  adsnote = {Provided by the SAO/NASA Astrophysics Data System}
}


@ARTICLE{bunn1995,
   author = {{Bunn}, J.~C. and {Hoare}, M.~G. and {Drew}, J.~E.},
    title = "{Observations of the IR recombination line emission from massive young stellar objects}",
  journal = {\mnras},
 keywords = {LINE, PROFILES-STARS, EARLY-TYPE-STARS, FORMATION-STARS, MASS-LOSS-ISM, JETS AND OUTFLOWS-INFRARED, STARS.},
     year = 1995,
    month = jan,
   volume = 272,
    pages = {346-354},
   adsurl = {http://adsabs.harvard.edu/abs/1995MNRAS.272..346B},
  adsnote = {Provided by the SAO/NASA Astrophysics Data System}
}


%%
%% larger covering angle 0.5
%%
@ARTICLE{krolik1998,
   author = {{Krolik}, J.~H. and {Voit}, G.~M.},
    title = "{What Is the True Covering Factor of Absorbing Matter in BALQSOs?}",
  journal = {\apjl},
   eprint = {arXiv:astro-ph/9802082},
 keywords = {ACCRETION, ACCRETION DISKS, GALAXIES: ACTIVE, GALAXIES: QUASARS: ABSORPTION LINES, GALAXIES: QUASARS: EMISSION LINES, GALAXIES: QUASARS: GENERAL},
     year = 1998,
    month = apr,
   volume = 497,
    pages = {L5},
      doi = {10.1086/311274},
   adsurl = {http://adsabs.harvard.edu/abs/1998ApJ...497L...5K},
  adsnote = {Provided by the SAO/NASA Astrophysics Data System}
}

%% CV hydro
@ARTICLE{pkdh2002,
   author = {{Proga}, D. and {Kallman}, T.~R. and {Drew}, J.~E. and {Hartley}, L.~E.
  },
    title = "{Resonance Line Profile Calculations Based on Hydrodynamical Models of Cataclysmic Variable Winds}",
  journal = {\apj},
   eprint = {astro-ph/0202384},
 keywords = {Accretion, Accretion Disks, Methods: Numerical, Stars: Novae, Cataclysmic Variables, Stars: Winds, Outflows},
     year = 2002,
    month = jun,
   volume = 572,
    pages = {382-391},
      doi = {10.1086/340339},
   adsurl = {http://adsabs.harvard.edu/abs/2002ApJ...572..382P},
  adsnote = {Provided by the SAO/NASA Astrophysics Data System}
}

%% AM CVn hydro
@ARTICLE{kusterer2014,
   author = {{Kusterer}, D.-J. and {Nagel}, T. and {Hartmann}, S. and {Werner}, K. and 
  {Feldmeier}, A.},
    title = "{Monte Carlo radiation transfer in CV disk winds: application to the AM CVn prototype}",
  journal = {\aap},
 keywords = {radiative transfer, stars: winds, outflows, stars: individual: AM CVn, accretion, accretion disks},
     year = 2014,
    month = jan,
   volume = 561,
      eid = {A14},
    pages = {A14},
      doi = {10.1051/0004-6361/201321438},
   adsurl = {http://adsabs.harvard.edu/abs/2014A%26A...561A..14K},
  adsnote = {Provided by the SAO/NASA Astrophysics Data System}
}

%% Proga Kallman 2004
%%
@ARTICLE{PK04,
   author = {{Proga}, D. and {Kallman}, T.~R.},
    title = "{Dynamics of Line-driven Disk Winds in Active Galactic Nuclei. II. Effects of Disk Radiation}",
  journal = {\apj},
   eprint = {arXiv:astro-ph/0408293},
 keywords = {Accretion, Accretion Disks, Galaxies: Active, Galaxies: Nuclei, Methods: Numerical, Galaxies: Quasars: General},
     year = 2004,
    month = dec,
   volume = 616,
    pages = {688-695},
      doi = {10.1086/425117},
   adsurl = {http://adsabs.harvard.edu/abs/2004ApJ...616..688P},
  adsnote = {Provided by the SAO/NASA Astrophysics Data System}
}

%% part 1 to PK04
%%
@ARTICLE{PSK2000,
   author = {{Proga}, D. and {Stone}, J.~M. and {Kallman}, T.~R.},
    title = "{Dynamics of Line-driven Disk Winds in Active Galactic Nuclei}",
  journal = {\apj},
   eprint = {arXiv:astro-ph/0005315},
 keywords = {Accretion, Accretion Disks, Galaxies: Active, Hydrodynamics, Instabilities, Methods: Numerical},
     year = 2000,
    month = nov,
   volume = 543,
    pages = {686-696},
      doi = {10.1086/317154},
   adsurl = {http://adsabs.harvard.edu/abs/2000ApJ...543..686P},
  adsnote = {Provided by the SAO/NASA Astrophysics Data System}
}

%%
%% Proga review paper
@INPROCEEDINGS{proga2007,
   author = {{Proga}, D.},
    title = "{Theory of Winds in AGNs}",
booktitle = {The Central Engine of Active Galactic Nuclei},
     year = 2007,
   series = {Astronomical Society of the Pacific Conference Series},
   volume = 373,
   eprint = {arXiv:astro-ph/0701100},
   editor = {{Ho}, L.~C. and {Wang}, J.-W.},
    month = oct,
    pages = {267},
   adsurl = {http://cdsads.u-strasbg.fr/abs/2007ASPC..373..267P},
  adsnote = {Provided by the SAO/NASA Astrophysics Data System}
}

%% stellar mass loss
@ARTICLE{morton1967,
   author = {{Morton}, D.~C.},
    title = "{Mass Loss from Three OB Supergiants in Orion}",
  journal = {\apj},
     year = 1967,
    month = nov,
   volume = 150,
    pages = {535},
      doi = {10.1086/149356},
   adsurl = {http://adsabs.harvard.edu/abs/1967ApJ...150..535M},
  adsnote = {Provided by the SAO/NASA Astrophysics Data System}
}

%% CV wind
@ARTICLE{greensteinoke1982,
   author = {{Greenstein}, J.~L. and {Oke}, J.~B.},
    title = "{RW Sextantis, a disk with a hot, high-velocity wind}",
  journal = {\apj},
 keywords = {BLUE STARS, HOT STARS, STELLAR MASS ACCRETION, STELLAR SPECTRA, STELLAR WINDS, VARIABLE STARS, ABSORPTION SPECTRA, BLACK BODY RADIATION, F STARS, IUE, LYMAN ALPHA RADIATION, STELLAR SPECTROPHOTOMETRY, STELLAR STRUCTURE, STELLAR TEMPERATURE, ULTRAVIOLET ASTRONOMY, ULTRAVIOLET SPECTRA, WHITE DWARF STARS, WIND VELOCITY, X RAY SOURCES},
     year = 1982,
    month = jul,
   volume = 258,
    pages = {209-216},
      doi = {10.1086/160069},
   adsurl = {http://adsabs.harvard.edu/abs/1982ApJ...258..209G},
  adsnote = {Provided by the SAO/NASA Astrophysics Data System}
}

%% VS93
@ARTICLE{VS93,
   author = {{Vitello}, P. and {Shlosman}, I.},
    title = "{Ultraviolet line diagnostics of accretion disk winds in cataclysmic variables}",
  journal = {\apj},
 keywords = {ACCRETION DISKS, CATACLYSMIC VARIABLES, STELLAR WINDS, ULTRAVIOLET SPECTRA, IUE, LINE SPECTRA, PHOTOIONIZATION, STELLAR MODELS, STELLAR ROTATION, WHITE DWARF STARS},
     year = 1993,
    month = jun,
   volume = 410,
    pages = {815-828},
      doi = {10.1086/172799},
   adsurl = {http://adsabs.harvard.edu/abs/1993ApJ...410..815V},
  adsnote = {Provided by the SAO/NASA Astrophysics Data System}
}

%%SV93
@ARTICLE{SV93,
   author = {{Shlosman}, I. and {Vitello}, P.},
    title = "{Winds from accretion disks - Ultraviolet line formation in cataclysmic variables}",
  journal = {\apj},
 keywords = {ACCRETION DISKS, CATACLYSMIC VARIABLES, EMISSION SPECTRA, STELLAR MASS EJECTION, STELLAR WINDS, ULTRAVIOLET RADIATION, ANGULAR MOMENTUM, IUE, LINE SPECTRA},
     year = 1993,
    month = may,
   volume = 409,
    pages = {372-386},
      doi = {10.1086/172670},
   adsurl = {http://adsabs.harvard.edu/abs/1993ApJ...409..372S},
  adsnote = {Provided by the SAO/NASA Astrophysics Data System}
}

@ARTICLE{SVM96,
   author = {{Shlosman}, I. and {Vitello}, P. and {Mauche}, C.~W.},
    title = "{Rotating Winds from Accretion Disks in Cataclysmic Variables: Eclipse Modeling of V347 Puppis}",
  journal = {\apj},
   eprint = {astro-ph/9511004},
 keywords = {LINE: PROFILES, STARS: BINARIES: ECLIPSING, STARS: INDIVIDUAL CONSTELLATION NAME: V347 PUPPIS, STARS: NOVAE, CATACLYSMIC VARIABLES, ULTRAVIOLET: STARS},
     year = 1996,
    month = apr,
   volume = 461,
    pages = {377},
      doi = {10.1086/177066},
   adsurl = {http://adsabs.harvard.edu/abs/1996ApJ...461..377S},
  adsnote = {Provided by the SAO/NASA Astrophysics Data System}
}

@ARTICLE{noebauer,
   author = {{Noebauer}, U.~M. and {Long}, K.~S. and {Sim}, S.~A. and {Knigge}, C.
  },
    title = "{The Geometry and Ionization Structure of the Wind in the Eclipsing Nova-like Variables RW Tri and UX UMa}",
  journal = {\apj},
archivePrefix = "arXiv",
   eprint = {1007.0209},
 primaryClass = "astro-ph.SR",
 keywords = {accretion, accretion disks, binaries: close, novae, cataclysmic variables, radiative transfer, stars: individual: RW Tri UX UMa, stars: winds, outflows},
     year = 2010,
    month = aug,
   volume = 719,
    pages = {1932-1945},
      doi = {10.1088/0004-637X/719/2/1932},
   adsurl = {http://adsabs.harvard.edu/abs/2010ApJ...719.1932N},
  adsnote = {Provided by the SAO/NASA Astrophysics Data System}
}

@ARTICLE{SKUK2012,
   author = {{Scaringi}, S. and {K{\"o}rding}, E. and {Uttley}, P. and {Knigge}, C. and 
  {Groot}, P.~J. and {Still}, M.},
    title = "{The universal nature of accretion-induced variability: the rms-flux relation in an accreting white dwarf}",
  journal = {\mnras},
archivePrefix = "arXiv",
   eprint = {1201.0759},
 primaryClass = "astro-ph.SR",
 keywords = {accretion, accretion discs, black hole physics, binaries: close, stars: individual: MV Lyrae, novae, cataclysmic variables, stars: oscillations},
     year = 2012,
    month = apr,
   volume = 421,
    pages = {2854-2860},
      doi = {10.1111/j.1365-2966.2012.20512.x},
   adsurl = {http://adsabs.harvard.edu/abs/2012MNRAS.421.2854S},
  adsnote = {Provided by the SAO/NASA Astrophysics Data System}
}

@ARTICLE{groot2004,
   author = {{Groot}, P.~J. and {Rutten}, R.~G.~M. and {van Paradijs}, J.
  },
    title = "{A spectrophotometric study of RW Trianguli}",
  journal = {\aap},
   eprint = {astro-ph/0401029},
 keywords = {accretion, accretion disks, stars: binaries: eclipsing, stars: individual: RW Tri, $\backslash$ stars: novae, cataclysmic variables},
     year = 2004,
    month = apr,
   volume = 417,
    pages = {283-291},
      doi = {10.1051/0004-6361:20031771},
   adsurl = {http://adsabs.harvard.edu/abs/2004A%26A...417..283G},
  adsnote = {Provided by the SAO/NASA Astrophysics Data System}
}

@ARTICLE{idanshaviv2010,
   author = {{Idan}, I. and {Lasota}, J.-P. and {Hameury}, J.-M. and {Shaviv}, G.
  },
    title = "{Accretion-disc model spectra for dwarf-nova stars}",
  journal = {\aap},
archivePrefix = "arXiv",
   eprint = {0809.0432},
 keywords = {accretion, accretion disks, radiative transfer, stars: dwarf novae},
     year = 2010,
    month = sep,
   volume = 519,
      eid = {A117},
    pages = {A117},
      doi = {10.1051/0004-6361/200810896},
   adsurl = {http://adsabs.harvard.edu/abs/2010A%26A...519A.117I},
  adsnote = {Provided by the SAO/NASA Astrophysics Data System}
}

@ARTICLE{suleimanov2014,
   author = {{Suleimanov}, V. and {Hertfelder}, M. and {Werner}, K. and {Kley}, W.
  },
    title = "{Modeling the EUV spectra of optically thick boundary layers of dwarf novae in outburst}",
  journal = {ArXiv e-prints},
archivePrefix = "arXiv",
   eprint = {1408.4369},
 primaryClass = "astro-ph.SR",
 keywords = {Astrophysics - Solar and Stellar Astrophysics, Astrophysics - High Energy Astrophysical Phenomena},
     year = 2014,
    month = aug,
   adsurl = {http://adsabs.harvard.edu/abs/2014arXiv1408.4369S},
  adsnote = {Provided by the SAO/NASA Astrophysics Data System}
}


@ARTICLE{frankking1981,
   author = {{Frank}, J. and {King}, A.~R.},
    title = "{A standard accretion disc model for RW Tri}",
  journal = {\mnras},
 keywords = {Dwarf Stars, Eclipsing Binary Stars, Infrared Astronomy, Light Curve, Novae, Stellar Mass Accretion, Companion Stars, Stellar Magnitude, Stellar Mass, Stellar Models, Stellar Occultation},
     year = 1981,
    month = apr,
   volume = 195,
    pages = {227-234},
   adsurl = {http://adsabs.harvard.edu/abs/1981MNRAS.195..227F},
  adsnote = {Provided by the SAO/NASA Astrophysics Data System}
}

@ARTICLE{longmore1981,
   author = {{Longmore}, A.~J. and {Lee}, T.~J. and {Allen}, D.~A. and {Adams}, D.~J.
  },
    title = "{Infrared observations of the cataclysmic variable RW Tri}",
  journal = {\mnras},
 keywords = {Dwarf Stars, Eclipsing Binary Stars, Infrared Astronomy, Light Curve, Stellar Radiation, Variable Stars, Brightness, Infrared Telescopes, Spectrum Analysis, Stellar Spectrophotometry, Stellar Temperature},
     year = 1981,
    month = jun,
   volume = 195,
    pages = {825-830},
   adsurl = {http://adsabs.harvard.edu/abs/1981MNRAS.195..825L},
  adsnote = {Provided by the SAO/NASA Astrophysics Data System}
}



@ARTICLE{HSK86,
   author = {{Honeycutt}, R.~K. and {Schlegel}, E.~M. and {Kaitchuck}, R.~H.
  },
    title = "{Evidence for a bipolar wind in the cataclysmic variable PG 1012-029}",
  journal = {\apj},
 keywords = {Accretion Disks, Cataclysmic Variables, Dwarf Novae, Eclipsing Binary Stars, Stellar Spectrophotometry, Stellar Winds, Continuous Spectra, Emission Spectra, Light Curve, Line Spectra, Radial Velocity, Stellar Models, Stellar Rotation},
     year = 1986,
    month = mar,
   volume = 302,
    pages = {388-402},
      doi = {10.1086/163997},
   adsurl = {http://adsabs.harvard.edu/abs/1986ApJ...302..388H},
  adsnote = {Provided by the SAO/NASA Astrophysics Data System}
}


@ARTICLE{marshhorne1990,
   author = {{Marsh}, T.~R. and {Horne}, K.},
    title = "{Emission-line mapping of the dwarf nova IP Pegasi in outburst and quiescence}",
  journal = {\apj},
 keywords = {Dwarf Novae, Eclipsing Binary Stars, Emission Spectra, Stellar Mass Accretion, Astronomical Maps, H Ii Regions, Line Spectra},
     year = 1990,
    month = feb,
   volume = 349,
    pages = {593-607},
      doi = {10.1086/168346},
   adsurl = {http://adsabs.harvard.edu/abs/1990ApJ...349..593M},
  adsnote = {Provided by the SAO/NASA Astrophysics Data System}
}

@ARTICLE{RN98,
   author = {{Ringwald}, F.~A. and {Naylor}, T.},
    title = "{High-speed optical spectroscopy of a cataclysmic variable wind - BZ Camelopardalis}",
  journal = {\aj},
   eprint = {astro-ph/9710021},
 keywords = {Cataclysmic Variables, Accretion Disks, Stellar Mass Ejection, Early Stars, Astronomical Spectroscopy, Emission Spectra, Stellar Winds},
     year = 1998,
    month = jan,
   volume = 115,
    pages = {286},
      doi = {10.1086/300192},
   adsurl = {http://adsabs.harvard.edu/abs/1998AJ....115..286R},
  adsnote = {Provided by the SAO/NASA Astrophysics Data System}
}

% dhillon review
@INPROCEEDINGS{dhillon1996,
   author = {{Dhillon}, V.~S.},
    title = "{The Nova-like variables}",
booktitle = {IAU Colloq. 158: Cataclysmic Variables and Related Objects},
     year = 1996,
   series = {Astrophysics and Space Science Library},
   volume = 208,
   eprint = {astro-ph/9509156},
   editor = {{Evans}, A. and {Wood}, J.~H.},
    pages = {3},
   adsurl = {http://adsabs.harvard.edu/abs/1996ASSL..208....3D},
  adsnote = {Provided by the SAO/NASA Astrophysics Data System}
}


%% blackbody temps for BL of 250kK or so, L/Lbol = 0.05
@ARTICLE{mauche2004,
   author = {{Mauche}, C.~W.},
    title = "{Chandra Low Energy Transmission Grating Spectrum of SS Cygni in Outburst}",
  journal = {\apj},
   eprint = {astro-ph/0403691},
 keywords = {Accretion, Accretion Disks, Stars: Binaries: Close, Stars: Novae, Cataclysmic Variables, Stars: Individual: Constellation Name: SS Cygni, X-Rays: Binaries},
     year = 2004,
    month = jul,
   volume = 610,
    pages = {422-426},
      doi = {10.1086/421438},
   adsurl = {http://adsabs.harvard.edu/abs/2004ApJ...610..422M},
  adsnote = {Provided by the SAO/NASA Astrophysics Data System}
}

%% Dhillon and Rutten
%% single peaked uneclipsed emission
@ARTICLE{DR95,
   author = {{Dhillon}, V.~S. and {Rutten}, R.~G.~M.},
    title = "{Spectropolarimetry of the nova-like variable V 1315 Aquilae}",
  journal = {\mnras},
   eprint = {astro-ph/9506111},
 keywords = {ACCRETION, ACCRETION DISCS, POLARIZATION, BINARIES: ECLIPSING, BINARIES: SPECTROSCOPIC, STARS: INDIVIDUAL: V1315 AQL, NOVAE, CATACLYSMIC VARIABLES},
     year = 1995,
    month = dec,
   volume = 277,
    pages = {777-780},
   adsurl = {http://adsabs.harvard.edu/abs/1995MNRAS.277..777D},
  adsnote = {Provided by the SAO/NASA Astrophysics Data System}
}

% Murray and Chiang nature paper on single peaked emission
@ARTICLE{MC96,
   author = {{Murray}, N. and {Chiang}, J.},
    title = "{Wind-dominated optical line emission from accretion disks around luminous cataclysmic variable stars}",
  journal = {\nat},
     year = 1996,
    month = aug,
   volume = 382,
    pages = {789-791},
      doi = {10.1038/382789a0},
   adsurl = {http://adsabs.harvard.edu/abs/1996Natur.382..789M},
  adsnote = {Provided by the SAO/NASA Astrophysics Data System}
}

@ARTICLE{pringlesavonije1979,
   author = {{Pringle}, J.~E. and {Savonije}, G.~J.},
    title = "{X-ray emission from dwarf novae}",
  journal = {\mnras},
 keywords = {Novae, Stellar Radiation, White Dwarf Stars, X Ray Sources, Boundary Layers, Deposition, High Temperature, Optical Thickness},
     year = 1979,
    month = jun,
   volume = 187,
    pages = {777-783},
   adsurl = {http://adsabs.harvard.edu/abs/1979MNRAS.187..777P},
  adsnote = {Provided by the SAO/NASA Astrophysics Data System}
}

@ARTICLE{drewverbunt1985,
   author = {{Drew}, J. and {Verbunt}, F.},
    title = "{Investigation of a wind model for cataclysmic variable ultraviolet resonance line emission}",
  journal = {\mnras},
 keywords = {Cataclysmic Variables, Gas Ionization, Resonance Lines, Stellar Winds, Ultraviolet Spectra, White Dwarf Stars, Abundance, Emission Spectra, Iue, Optical Thickness, Radiative Transfer, Stellar Radiation, Time Dependence},
     year = 1985,
    month = mar,
   volume = 213,
    pages = {191-213},
   adsurl = {http://adsabs.harvard.edu/abs/1985MNRAS.213..191D},
  adsnote = {Provided by the SAO/NASA Astrophysics Data System}
}

@ARTICLE{maucheraymond1987,
   author = {{Mauche}, C.~W. and {Raymond}, J.~C.},
    title = "{IUE observations of the dwarf nova HL Canis Majoris and the winds of cataclysmic variables}",
  journal = {\apj},
 keywords = {Cataclysmic Variables, Dwarf Stars, Iue, Novae, Stellar Winds, Accretion Disks, Light Curve, Line Spectra, Tables (Data), Ultraviolet Radiation},
     year = 1987,
    month = dec,
   volume = 323,
    pages = {690-713},
      doi = {10.1086/165865},
   adsurl = {http://adsabs.harvard.edu/abs/1987ApJ...323..690M},
  adsnote = {Provided by the SAO/NASA Astrophysics Data System}
}


@ARTICLE{KWD95,
   author = {{Knigge}, C. and {Woods}, J.~A. and {Drew}, J.~E.},
    title = "{The application of Monte Carlo methods to the synthesis of spectral line profiles arising from accretion disc winds}",
  journal = {\mnras},
 keywords = {ACCRETION, ACCRETION DISCS, LINE: FORMATION, LINE: PROFILES, RADIATIVE TRANSFER, STARS: MASS-LOSS, NOVAE, CATACLYSMIC VARIABLES},
     year = 1995,
    month = mar,
   volume = 273,
    pages = {225-248},
   adsurl = {http://adsabs.harvard.edu/abs/1995MNRAS.273..225K},
  adsnote = {Provided by the SAO/NASA Astrophysics Data System}
}

@BOOK{fkrbook,
   author = {{Frank}, J. and {King}, A. and {Raine}, D.},
    title = "{Accretion power in astrophysics.}",
booktitle = {Camb.~Astrophys.~Ser., Vol.~21,},
     year = 1992,
   adsurl = {http://adsabs.harvard.edu/abs/1992apa..book.....F},
  adsnote = {Provided by the SAO/NASA Astrophysics Data System}
}


@ARTICLE{haug1987,
   author = {{Haug}, K.},
    title = "{Continuum distributions and line profiles of UX UMA-type novalike systems}",
  journal = {\apss},
 keywords = {Cataclysmic Variables, Continuous Spectra, Line Spectra, Novae, Stellar Spectra, Accretion Disks, Balmer Series, Spectral Energy Distribution, Ultraviolet Spectra},
     year = 1987,
    month = feb,
   volume = 130,
    pages = {91-102},
      doi = {10.1007/BF00654977},
   adsurl = {http://adsabs.harvard.edu/abs/1987Ap%26SS.130...91H},
  adsnote = {Provided by the SAO/NASA Astrophysics Data System}
}



@ARTICLE{KLWB98,
   author = {{Knigge}, C. and {Long}, K.~S. and {Wade}, R.~A. and {Baptista}, R. and 
  {Horne}, K. and {Hubeny}, I. and {Rutten}, R.~G.~M.},
    title = "{Hubble Space Telescope Eclipse Observations of the Nova-like Cataclysmic Variable UX Ursae Majoris}",
  journal = {\apj},
   eprint = {astro-ph/9801206},
 keywords = {ACCRETION, ACCRETION DISKS, STARS: BINARIES: CLOSE, STARS: NOVAE, CATACLYSMIC VARIABLES, STARS: INDIVIDUAL CONSTELLATION NAME: UX URSAE MAJORIS, ULTRAVIOLET: STARS},
     year = 1998,
    month = may,
   volume = 499,
    pages = {414},
      doi = {10.1086/305617},
   adsurl = {http://adsabs.harvard.edu/abs/1998ApJ...499..414K},
  adsnote = {Provided by the SAO/NASA Astrophysics Data System}
}

@ARTICLE{smak1995,
   author = {{Smak}, J.},
    title = "{Eclipses in Cataclysmic Variables with Stationary Accretion Disks. V. RW Tri}",
  journal = {\actaa},
 keywords = {BINARIES: ECLIPSING, NOVAE: CATACLYSMIC VARIABLES, STARS: INDIVIDUAL: RW TRI},
     year = 1995,
    month = jan,
   volume = 45,
    pages = {259-277},
   adsurl = {http://adsabs.harvard.edu/abs/1995AcA....45..259S},
  adsnote = {Provided by the SAO/NASA Astrophysics Data System}
}

@ARTICLE{halevinhenden2008,
   author = {{Halevin}, A.~V. and {Henden}, A.~A.},
    title = "{Eclipse mapping of RW Tri in the low luminosity state}",
  journal = {Information Bulletin on Variable Stars},
archivePrefix = "arXiv",
   eprint = {0806.2024},
     year = 2008,
    month = nov,
   volume = 5861,
    pages = {1},
   adsurl = {http://adsabs.harvard.edu/abs/2008IBVS.5861....1H},
  adsnote = {Provided by the SAO/NASA Astrophysics Data System}
}



%% good sobolev paper
@ARTICLE{hummer1985,
   author = {{Hummer}, D.~G. and {Rybicki}, G.~B.},
    title = "{The Sobolev approximation for line formation with continuous opacity}",
  journal = {\apj},
 keywords = {APPROXIMATION, LINE SPECTRA, OPACITY, STELLAR ATMOSPHERES, STELLAR SPECTRA, LIMITS (MATHEMATICS), STELLAR MODELS, VELOCITY DISTRIBUTION},
     year = 1985,
    month = jun,
   volume = 293,
    pages = {258-267},
      doi = {10.1086/163232},
   adsurl = {http://adsabs.harvard.edu/abs/1985ApJ...293..258H},
  adsnote = {Provided by the SAO/NASA Astrophysics Data System}
}

%% implemetation of clumps
@ARTICLE{stalevski2013,
   author = {{Stalevski}, M. and {Fritz}, J. and {Baes}, M. and {Popovic}, L.~C.
	},
    title = "{The AGN dusty torus as a clumpy two-phase medium: radiative transfer modeling with SKIRT}",
  journal = {ArXiv e-prints},
archivePrefix = "arXiv",
   eprint = {1301.4244},
 primaryClass = "astro-ph.CO",
 keywords = {Astrophysics - Cosmology and Extragalactic Astrophysics, Astrophysics - Galaxy Astrophysics},
     year = 2013,
    month = jan,
   adsurl = {http://adsabs.harvard.edu/abs/2013arXiv1301.4244S},
  adsnote = {Provided by the SAO/NASA Astrophysics Data System}
}


@ARTICLE{HB14,
   author = {{Humphrey}, A. and {Binette}, L.},
    title = "{Extreme CII emission in type 2 quasars at z\~{}2.5: a signature of kappa-distributed electron energies?}",
  journal = {ArXiv e-prints},
archivePrefix = "arXiv",
   eprint = {1404.6434},
 keywords = {Astrophysics - Astrophysics of Galaxies},
     year = 2014,
    month = apr,
   adsurl = {http://adsabs.harvard.edu/abs/2014arXiv1404.6434H},
  adsnote = {Provided by the SAO/NASA Astrophysics Data System}
}



%% clumpy magnetic acceleration wind
@ARTICLE{emmering1992,
   author = {{Emmering}, R.~T. and {Blandford}, R.~D. and {Shlosman}, I.},
    title = "{Magnetic acceleration of broad emission-line clouds in active galactic nuclei}",
  journal = {\apj},
 keywords = {ACTIVE GALACTIC NUCLEI, EMISSION SPECTRA, LINE SHAPE, LINE SPECTRA, PARTICLE ACCELERATION, ACCRETION DISKS, BLACK HOLES (ASTRONOMY), INTERSTELLAR GAS},
     year = 1992,
    month = feb,
   volume = 385,
    pages = {460-477},
      doi = {10.1086/170955},
   adsurl = {http://adsabs.harvard.edu/abs/1992ApJ...385..460E},
  adsnote = {Provided by the SAO/NASA Astrophysics Data System}
}

%% classic shakura sunyaev alpha disk paper
@ARTICLE{shakurasunyaev1973,
   author = {{Shakura}, N.~I. and {Sunyaev}, R.~A.},
    title = "{Black holes in binary systems. Observational appearance.}",
  journal = {\aap},
     year = 1973,
   volume = 24,
    pages = {337-355},
   adsurl = {http://adsabs.harvard.edu/abs/1973A%26A....24..337S},
  adsnote = {Provided by the SAO/NASA Astrophysics Data System}
}

@ARTICLE{rutten1992,
   author = {{Rutten}, R.~G.~M. and {van Paradijs}, J. and {Tinbergen}, J.
	},
    title = "{Reconstruction of the accretion disk in six cataclysmic variable stars}",
  journal = {\aap},
 keywords = {Accretion Disks, Cataclysmic Variables, Light Curve, Maximum Entropy Method, Eclipsing Binary Stars, Novae},
     year = 1992,
    month = jul,
   volume = 260,
    pages = {213-226},
   adsurl = {http://adsabs.harvard.edu/abs/1992A%26A...260..213R},
  adsnote = {Provided by the SAO/NASA Astrophysics Data System}
}


@ARTICLE{hamannkoesterke1998,
   author = {{Hamann}, W.-R. and {Koesterke}, L.},
    title = "{Spectrum formation in clumped stellar winds: consequences for the analyses of Wolf-Rayet spectra}",
  journal = {\aap},
 keywords = {RADIATIVE TRANSFER, STARS: ATMOSPHERES, STARS: FUNDAMENTAL PARAMETERS, STARS: MASS LOSS, STARS: WOLF-RAYET},
     year = 1998,
    month = jul,
   volume = 335,
    pages = {1003-1008},
   adsurl = {http://cdsads.u-strasbg.fr/abs/1998A%26A...335.1003H},
  adsnote = {Provided by the SAO/NASA Astrophysics Data System}
}


@ARTICLE{oskinova2007,
   author = {{Oskinova}, L.~M. and {Hamann}, W.-R. and {Feldmeier}, A.},
    title = "{Neglecting the porosity of hot-star winds can lead to underestimating mass-loss rates}",
  journal = {\aap},
archivePrefix = "arXiv",
   eprint = {0704.2390},
 keywords = {stars: mass-loss, stars: winds, outflows, stars: atmospheres, stars: early-type, stars: individual: {$\zeta$} Puppis},
     year = 2007,
    month = dec,
   volume = 476,
    pages = {1331-1340},
      doi = {10.1051/0004-6361:20066377},
   adsurl = {http://adsabs.harvard.edu/abs/2007A%26A...476.1331O},
  adsnote = {Provided by the SAO/NASA Astrophysics Data System}
}


%% clumpy IP
@ARTICLE{hamann2013,
   author = {{Hamann}, F. and {Chartas}, G. and {McGraw}, S. and {Rodriguez Hidalgo}, P. and 
	{Shields}, J. and {Capellupo}, D. and {Charlton}, J. and {Eracleous}, M.
	},
    title = "{Extreme-Velocity Quasar Outflows and the Role of X-ray Shielding}",
  journal = {ArXiv e-prints},
archivePrefix = "arXiv",
   eprint = {1307.1173},
 primaryClass = "astro-ph.CO",
 keywords = {Astrophysics - Cosmology and Extragalactic Astrophysics},
     year = 2013,
    month = jul,
   adsurl = {http://adsabs.harvard.edu/abs/2013arXiv1307.1173H},
  adsnote = {Provided by the SAO/NASA Astrophysics Data System}
}

%% clumpy line acceleration wind
@ARTICLE{dekool1995,
   author = {{de Kool}, M. and {Begelman}, M.~C.},
    title = "{Radiation Pressure--driven Magnetic Disk Winds in Broad Absorption Line Quasi-stellar Objects}",
  journal = {\apj},
 keywords = {ACCRETION, ACCRETION DISKS, MAGNETOHYDRODYNAMICS: MHD, GALAXIES: QUASARS: ABSORPTION LINES},
     year = 1995,
    month = dec,
   volume = 455,
    pages = {448},
      doi = {10.1086/176594},
   adsurl = {http://adsabs.harvard.edu/abs/1995ApJ...455..448D},
  adsnote = {Provided by the SAO/NASA Astrophysics Data System}
}


@ARTICLE{vanregemorter,
   author = {{van Regemorter}, H.},
    title = "{Rate of Collisional Excitation in Stellar Atmospheres.}",
  journal = {\apj},
     year = 1962,
    month = nov,
   volume = 136,
    pages = {906},
      doi = {10.1086/147445},
   adsurl = {http://adsabs.harvard.edu/abs/1962ApJ...136..906V},
  adsnote = {Provided by the SAO/NASA Astrophysics Data System}
}



%%belloni lecture notes on jets
@PROCEEDINGS{bellonijet2010,
    title = "{The Jet Paradigm}",
booktitle = {Lecture Notes in Physics, Berlin Springer Verlag},
     year = 2010,
   series = {Lecture Notes in Physics, Berlin Springer Verlag},
   volume = 794,
   editor = {{Belloni}, T.},
    month = mar,
      doi = {10.1007/978-3-540-76937-8},
   adsurl = {http://adsabs.harvard.edu/abs/2010LNP...794.....B},
  adsnote = {Provided by the SAO/NASA Astrophysics Data System}
}

%% jets in AGN
@INPROCEEDINGS{marscher2006,
   author = {{Marscher}, A.~P.},
    title = "{Relativistic Jets in Active Galactic Nuclei}",
 keywords = {Jets and bursts, galactic winds and fountains, Active and peculiar galaxies and related systems, Quasars, Radio galaxies},
booktitle = {Relativistic Jets: The Common Physics of AGN, Microquasars, and Gamma-Ray Bursts},
     year = 2006,
   series = {American Institute of Physics Conference Series},
   volume = 856,
   editor = {{Hughes}, P.~A. and {Bregman}, J.~N.},
    month = sep,
    pages = {1-22},
      doi = {10.1063/1.2356381},
   adsurl = {http://adsabs.harvard.edu/abs/2006AIPC..856....1M},
  adsnote = {Provided by the SAO/NASA Astrophysics Data System}
}


%% silk and rees feedback paper
@ARTICLE{silkrees1998,
   author = {{Silk}, J. and {Rees}, M.~J.},
    title = "{Quasars and galaxy formation}",
  journal = {\aap},
   eprint = {arXiv:astro-ph/9801013},
 keywords = {GALAXY FORMATION: SUPERMASSIVE BLACK HOLES, QUASARS: OUTFLOWS},
     year = 1998,
    month = mar,
   volume = 331,
    pages = {L1-L4},
   adsurl = {http://adsabs.harvard.edu/abs/1998A%26A...331L...1S},
  adsnote = {Provided by the SAO/NASA Astrophysics Data System}
}

%%topbase updated opacities
@ARTICLE{topbase2005,
   author = {{Badnell}, N.~R. and {Bautista}, M.~A. and {Butler}, K. and 
	{Delahaye}, F. and {Mendoza}, C. and {Palmeri}, P. and {Zeippen}, C.~J. and 
	{Seaton}, M.~J.},
    title = "{Updated opacities from the Opacity Project}",
  journal = {\mnras},
   eprint = {arXiv:astro-ph/0410744},
 keywords = {atomic processes, radiative transfer, stars: interiors},
     year = 2005,
    month = jun,
   volume = 360,
    pages = {458-464},
      doi = {10.1111/j.1365-2966.2005.08991.x},
   adsurl = {http://adsabs.harvard.edu/abs/2005MNRAS.360..458B},
  adsnote = {Provided by the SAO/NASA Astrophysics Data System}
}

@ARTICLE{blandfordpayne,
   author = {{Blandford}, R.~D. and {Payne}, D.~G.},
    title = "{Hydromagnetic flows from accretion discs and the production of radio jets}",
  journal = {\mnras},
 keywords = {ASTROPHYSICS, ENERGY TRANSFER, MAGNETOHYDRODYNAMIC FLOW, MOMENTUM TRANSFER, RADIO JETS (ASTRONOMY), STELLAR MASS ACCRETION, ANGULAR MOMENTUM, BLACK HOLES (ASTRONOMY), CRITICAL POINT, DISKS (SHAPES), SOLAR CORONA},
     year = 1982,
    month = jun,
   volume = 199,
    pages = {883-903},
   adsurl = {http://adsabs.harvard.edu/abs/1982MNRAS.199..883B},
  adsnote = {Provided by the SAO/NASA Astrophysics Data System}
}

%% stratified QSO winds, infra red and so on
@INPROCEEDINGS{gallagher2007,
   author = {{Gallagher}, S.~C. and {Everett}, J.~E.},
    title = "{Stratified Quasar Winds: Integrating X-ray and Infrared Views of Broad Absorption-line Quasars}",
booktitle = {The Central Engine of Active Galactic Nuclei},
     year = 2007,
   series = {Astronomical Society of the Pacific Conference Series},
   volume = 373,
   eprint = {arXiv:astro-ph/0701076},
   editor = {{Ho}, L.~C. and {Wang}, J.-W.},
    month = oct,
    pages = {305},
   adsurl = {http://adsabs.harvard.edu/abs/2007ASPC..373..305G},
  adsnote = {Provided by the SAO/NASA Astrophysics Data System}
}

%% superlevels and TLUSTY
@ARTICLE{tlusty,
   author = {{Hubeny}, I. and {Lanz}, T.},
    title = "{Non-LTE line-blanketed model atmospheres of hot stars. 1: Hybrid complete linearization/accelerated lambda iteration method}",
  journal = {\apj},
 keywords = {Hot Stars, Iterative Solution, Numerical Analysis, Radiative Transfer, Stellar Atmospheres, Stellar Models, Absorptivity, Equilibrium Equations, Jacobi Matrix Method, Line Spectra, Linearization, Newton-Raphson Method},
     year = 1995,
    month = feb,
   volume = 439,
    pages = {875-904},
      doi = {10.1086/175226},
   adsurl = {http://adsabs.harvard.edu/abs/1995ApJ...439..875H},
  adsnote = {Provided by the SAO/NASA Astrophysics Data System}
}


%% chianti
@INPROCEEDINGS{chianti,
   author = {{Dere}, K.~P. and {Landi}, E. and {Young}, P. and {Del Zanna}, G. and 
  {Mason}, H. and {Landini}, M.},
    title = "{CHIANTI Version 6.0 - Inclusion of Ionization and Recombination Rates}",
booktitle = {AAS/Solar Physics Division Meeting \#40},
     year = 2009,
   series = {AAS/Solar Physics Division Meeting},
   volume = 40,
    month = may,
    pages = {15.04},
   adsurl = {http://adsabs.harvard.edu/abs/2009SPD....40.1504D},
  adsnote = {Provided by the SAO/NASA Astrophysics Data System}
}

%% ferland
@ARTICLE{cloudy2013,
   author = {{Ferland}, G.~J. and {Porter}, R.~L. and {van Hoof}, P.~A.~M. and 
	{Williams}, R.~J.~R. and {Abel}, N.~P. and {Lykins}, M.~L. and 
	{Shaw}, G. and {Henney}, W.~J. and {Stancil}, P.~C.},
    title = "{The 2013 Release of Cloudy}",
  journal = {\rmxaa},
archivePrefix = "arXiv",
   eprint = {1302.4485},
 primaryClass = "astro-ph.GA",
 keywords = {atomic processes, galaxies: active, methods: numerical, molecular processes, radiation mechanisms: general},
     year = 2013,
    month = apr,
   volume = 49,
    pages = {137-163},
   adsurl = {http://adsabs.harvard.edu/abs/2013RMxAA..49..137F},
  adsnote = {Provided by the SAO/NASA Astrophysics Data System}
}


@ARTICLE{kerzendorfsim,
   author = {{Kerzendorf}, W.~E. and {Sim}, S.~A.},
    title = "{A spectral synthesis code for rapid modelling of supernovae}",
  journal = {\mnras},
archivePrefix = "arXiv",
   eprint = {1401.5469},
 primaryClass = "astro-ph.SR",
 keywords = {radiative transfer, methods: numerical, supernovae: general},
     year = 2014,
    month = mar,
   volume = 440,
    pages = {387-404},
      doi = {10.1093/mnras/stu055},
   adsurl = {http://adsabs.harvard.edu/abs/2014MNRAS.440..387K},
  adsnote = {Provided by the SAO/NASA Astrophysics Data System}
}


%% atomdb atomic data 
@article{atomdb,
  author={{Foster}, A.~R. and {Ji}, L. and {Smith}, R.~K.  and {Brickhouse}, N.~S.},
  title={Updated Atomic Data and Calculations for X-Ray Spectroscopy},
  journal={The Astrophysical Journal},
  volume={756},
  number={2},
  pages={128},
  url={http://stacks.iop.org/0004-637X/756/i=2/a=128},
  year={2012},
  abstract={We describe the latest release of AtomDB, version 2.0.2, a database of atomic data and a plasma modeling code with a focus on X-ray astronomy. This release includes several major updates to the fundamental atomic structure and process data held within AtomDB, incorporating new ionization balance data, state-selective recombination data, and updated collisional excitation data for many ions, including the iron L-shell ions from Fe +16 to Fe +23 and all of the hydrogen- and helium-like sequences. We also describe some of the effects that these changes have on calculated emission and diagnostic line ratios, such as changes in the temperature implied by the He-like G -ratios of up to a factor of two.}
}

%% P05 paper- MHD model, one of the models Nick is trying to model
@ARTICLE{P05,
   author = {{Proga}, D.},
    title = "{How Much X-Ray and UV Radiation Processes Are Coupled in Accretion Disks? The Active Galactic Nucleus Case}",
  journal = {\apjl},
   eprint = {arXiv:astro-ph/0507152},
 keywords = {Accretion, Accretion Disks, Galaxies: Active, Galaxies: Nuclei, Methods: Numerical, Radiation Mechanisms: General},
     year = 2005,
    month = sep,
   volume = 630,
    pages = {L9-L12},
      doi = {10.1086/462417},
   adsurl = {http://adsabs.harvard.edu/abs/2005ApJ...630L...9P},
  adsnote = {Provided by the SAO/NASA Astrophysics Data System}
}

@ARTICLE{ioannau2003,
   author = {{Ioannou}, Z. and {van Zyl}, L. and {Naylor}, T. and {Charles}, P.~A. and 
  {Margon}, B. and {Koch-Miramond}, L. and {Ilovaisky}, S.},
    title = "{Understanding the LMXB X2127+119 in M 15. II. The UV data}",
  journal = {\aap},
   eprint = {astro-ph/0212127},
 keywords = {accretion, accretion discs, stars: binaries: eclipsing, stars: coronae, stars: individual: X2127+119, AC211, ultraviolet: stars},
     year = 2003,
    month = feb,
   volume = 399,
    pages = {211-218},
      doi = {10.1051/0004-6361:20021578},
   adsurl = {http://adsabs.harvard.edu/abs/2003A%26A...399..211I},
  adsnote = {Provided by the SAO/NASA Astrophysics Data System}
}

%% IX VEL SPECTRUM
@ARTICLE{beuermann1990,
   author = {{Beuermann}, K. and {Thomas}, H.-C.},
    title = "{Detection of emission lines from the secondary star in IX Velorum (=CPD-48 deg 1577)}",
  journal = {\aap},
 keywords = {Binary Stars, Emission Spectra, Stellar Orbits, Stellar Spectra, Variable Stars, Balmer Series, Cataclysmic Variables, Line Spectra, White Dwarf Stars},
     year = 1990,
    month = apr,
   volume = 230,
    pages = {326-338},
   adsurl = {http://adsabs.harvard.edu/abs/1990A%26A...230..326B},
  adsnote = {Provided by the SAO/NASA Astrophysics Data System}
}

%% RW SEX SPECTRUM
@ARTICLE{beuermann1992,
   author = {{Beuermann}, K. and {Stasiewski}, U. and {Schwope}, A.~D.},
    title = "{Phase-resolved spectroscopy of the novalike cataclysmic variable RW Sextantis}",
  journal = {\aap},
 keywords = {Accretion Disks, Astronomical Spectroscopy, Cataclysmic Variables, White Dwarf Stars, Balmer Series, Emission Spectra, H Beta Line, H Gamma Line, Stellar Magnitude, Stellar Mass Accretion},
     year = 1992,
    month = mar,
   volume = 256,
    pages = {433-437},
   adsurl = {http://adsabs.harvard.edu/abs/1992A%26A...256..433B},
  adsnote = {Provided by the SAO/NASA Astrophysics Data System}
}


