@ARTICLE{woltjer1959,
   author = {{Woltjer}, L.},
    title = "{Emission Nuclei in Galaxies.}",
  journal = {\apj},
     year = 1959,
    month = jul,
   volume = 130,
    pages = {38},
      doi = {10.1086/146694},
   adsurl = {http://adsabs.harvard.edu/abs/1959ApJ...130...38W},
  adsnote = {Provided by the SAO/NASA Astrophysics Data System}
}

@ARTICLE{fath1909,
   author = {{Fath}, E.~A.},
    title = "{The spectra of some spiral nebulae and globular star clusters}",
  journal = {Lick Observatory Bulletin},
 keywords = {NEBULAE: SPECTRA, STARS: GLOBULAR CLUSTERS: SPECTRA},
     year = 1909,
   volume = 5,
    pages = {71-77},
      doi = {10.5479/ADS/bib/1909LicOB.5.71F},
   adsurl = {http://adsabs.harvard.edu/abs/1909LicOB...5...71F},
  adsnote = {Provided by the SAO/NASA Astrophysics Data System}
}

@ARTICLE{seyfert1943,
   author = {{Seyfert}, C.~K.},
    title = "{Nuclear Emission in Spiral Nebulae.}",
  journal = {\apj},
     year = 1943,
    month = jan,
   volume = 97,
    pages = {28},
      doi = {10.1086/144488},
   adsurl = {http://adsabs.harvard.edu/abs/1943ApJ....97...28S},
  adsnote = {Provided by the SAO/NASA Astrophysics Data System}
}

@ARTICLE{edge1959,
   author = {{Edge}, D.~O. and {Shakeshaft}, J.~R. and {McAdam}, W.~B. and 
  {Baldwin}, J.~E. and {Archer}, S.},
    title = "{A survey of radio sources at a frequency of 159 Mc/s.}",
  journal = {\memras},
     year = 1959,
   volume = 68,
    pages = {37-60},
   adsurl = {http://adsabs.harvard.edu/abs/1959MmRAS..68...37E},
  adsnote = {Provided by the SAO/NASA Astrophysics Data System}
}

@ARTICLE{ekers1969,
   author = {{Ekers}, J.~A.},
    title = "{The Parkes catalogue of radio sources, declination zone +20 to -90 .}",
  journal = {Australian Journal of Physics Astrophysical Supplement},
     year = 1969,
   volume = 7,
   adsurl = {http://adsabs.harvard.edu/abs/1969AuJPA...7....3E},
  adsnote = {Provided by the SAO/NASA Astrophysics Data System}
}

@ARTICLE{ehman1970,
   author = {{Ehman}, J.~R. and {Dixon}, R.~S. and {Kraus}, J.~D.},
    title = "{The Ohio survey between declinations of 0 and 36 south.}",
  journal = {\aj},
     year = 1970,
    month = may,
   volume = 75,
    pages = {351-506},
      doi = {10.1086/110985},
   adsurl = {http://adsabs.harvard.edu/abs/1970AJ.....75..351E},
  adsnote = {Provided by the SAO/NASA Astrophysics Data System}
}

@ARTICLE{antonucci1985,
   author = {{Antonucci}, R.~R.~J. and {Miller}, J.~S.},
    title = "{Spectropolarimetry and the nature of NGC 1068}",
  journal = {\apj},
 keywords = {Galactic Nuclei, Polarimetry, Seyfert Galaxies, Balmer Series, Circular Polarization, Emission Spectra, Iron, Line Spectra, Oxygen},
     year = 1985,
    month = oct,
   volume = 297,
    pages = {621-632},
      doi = {10.1086/163559},
   adsurl = {http://adsabs.harvard.edu/abs/1985ApJ...297..621A},
  adsnote = {Provided by the SAO/NASA Astrophysics Data System}
}

@INPROCEEDINGS{krolik1986,
   author = {{Krolik}, J.~H. and {Begelman}, M.~C.},
    title = "{The Dynamical State of the Obscuring Torus in Seyfert Galaxies}",
booktitle = {Bulletin of the American Astronomical Society},
     year = 1986,
   series = {\baas},
   volume = 18,
    month = sep,
    pages = {903},
   adsurl = {http://adsabs.harvard.edu/abs/1986BAAS...18..903K},
  adsnote = {Provided by the SAO/NASA Astrophysics Data System}
}


@ARTICLE{kinney2000,
   author = {{Kinney}, A.~L. and {Schmitt}, H.~R. and {Clarke}, C.~J. and 
	{Pringle}, J.~E. and {Ulvestad}, J.~S. and {Antonucci}, R.~R.~J.
	},
    title = "{Jet Directions in Seyfert Galaxies}",
  journal = {\apj},
   eprint = {astro-ph/0002131},
 keywords = {Galaxies: Active, Galaxies: Jets, Galaxies: Seyfert, Galaxies: Structure},
     year = 2000,
    month = jul,
   volume = 537,
    pages = {152-177},
      doi = {10.1086/309016},
   adsurl = {http://adsabs.harvard.edu/abs/2000ApJ...537..152K},
  adsnote = {Provided by the SAO/NASA Astrophysics Data System}
}

@ARTICLE{neugebauer1979,
   author = {{Neugebauer}, G. and {Oke}, J.~B. and {Becklin}, E.~E. and {Matthews}, K.
	},
    title = "{Absolute spectral energy distribution of quasi-stellar objects from 0.3 to 10 microns}",
  journal = {\apj},
 keywords = {Astronomical Spectroscopy, Infrared Spectra, Quasars, Spectral Energy Distribution, Graphs (Charts), Spectral Line Width, Tables (Data)},
     year = 1979,
    month = may,
   volume = 230,
    pages = {79-94},
      doi = {10.1086/157063},
   adsurl = {http://adsabs.harvard.edu/abs/1979ApJ...230...79N},
  adsnote = {Provided by the SAO/NASA Astrophysics Data System}
}

