Query Results from the ADS Database


Retrieved 84 abstracts, starting with number 1.  Total number selected: 84.

@ARTICLE{blackburne2015,
   author = {{Blackburne}, J.~A. and {Kochanek}, C.~S. and {Chen}, B. and 
	{Dai}, X. and {Chartas}, G.},
    title = "{The Structure of HE 1104-1805 from Infrared to X-Ray}",
  journal = {\apj},
archivePrefix = "arXiv",
   eprint = {1304.1620},
 keywords = {accretion, accretion disks, gravitational lensing: micro, quasars: individual: HE 1104-1805},
     year = 2015,
    month = jan,
   volume = 798,
      eid = {95},
    pages = {95},
      doi = {10.1088/0004-637X/798/2/95},
   adsurl = {http://adsabs.harvard.edu/abs/2015ApJ...798...95B},
  adsnote = {Provided by the SAO/NASA Astrophysics Data System}
}

@ARTICLE{flohic2012,
   author = {{Flohic}, H.~M.~L.~G. and {Eracleous}, M. and {Bogdanovi{\'c}}, T.
  },
    title = "{Effects of an Accretion Disk Wind on the Profile of the Balmer Emission Lines from Active Galactic Nuclei}",
  journal = {\apj},
 keywords = {galaxies: active, galaxies: nuclei, methods: analytical, quasars: emission lines },
     year = 2012,
    month = jul,
   volume = 753,
      eid = {133},
    pages = {133},
      doi = {10.1088/0004-637X/753/2/133},
   adsurl = {http://adsabs.harvard.edu/abs/2012ApJ...753..133F},
  adsnote = {Provided by the SAO/NASA Astrophysics Data System}
}


@ARTICLE{hall2002,
   author = {{Hall}, P.~B. and {Anderson}, S.~F. and {Strauss}, M.~A. and 
  {York}, D.~G. and {Richards}, G.~T. and {Fan}, X. and {Knapp}, G.~R. and 
  {Schneider}, D.~P. and {Vanden Berk}, D.~E. and {Geballe}, T.~R. and 
  {Bauer}, A.~E. and {Becker}, R.~H. and {Davis}, M. and {Rix}, H.-W. and 
  {Nichol}, R.~C. and {Bahcall}, N.~A. and {Brinkmann}, J. and 
  {Brunner}, R. and {Connolly}, A.~J. and {Csabai}, I. and {Doi}, M. and 
  {Fukugita}, M. and {Gunn}, J.~E. and {Haiman}, Z. and {Harvanek}, M. and 
  {Heckman}, T.~M. and {Hennessy}, G.~S. and {Inada}, N. and {Ivezi{\'c}}, {\v Z}. and 
  {Johnston}, D. and {Kleinman}, S. and {Krolik}, J.~H. and {Krzesinski}, J. and 
  {Kunszt}, P.~Z. and {Lamb}, D.~Q. and {Long}, D.~C. and {Lupton}, R.~H. and 
  {Miknaitis}, G. and {Munn}, J.~A. and {Narayanan}, V.~K. and 
  {Neilsen}, E. and {Newman}, P.~R. and {Nitta}, A. and {Okamura}, S. and 
  {Pentericci}, L. and {Pier}, J.~R. and {Schlegel}, D.~J. and 
  {Snedden}, S. and {Szalay}, A.~S. and {Thakar}, A.~R. and {Tsvetanov}, Z. and 
  {White}, R.~L. and {Zheng}, W.},
    title = "{Unusual Broad Absorption Line Quasars from the Sloan Digital Sky Survey}",
  journal = {\apjs},
   eprint = {astro-ph/0203252},
 keywords = {Atomic Processes, Line: Identification, Galaxies: Quasars: Absorption Lines, Galaxies: Quasars: Emission Lines, Galaxies: Quasars: General, Radiative Transfer},
     year = 2002,
    month = aug,
   volume = 141,
    pages = {267-309},
      doi = {10.1086/340546},
   adsurl = {http://adsabs.harvard.edu/abs/2002ApJS..141..267H},
  adsnote = {Provided by the SAO/NASA Astrophysics Data System}
}

@ARTICLE{becker2000,
   author = {{Becker}, R.~H. and {White}, R.~L. and {Gregg}, M.~D. and {Brotherton}, M.~S. and 
  {Laurent-Muehleisen}, S.~A. and {Arav}, N.},
    title = "{Properties of Radio-selected Broad Absorption Line Quasars from the First Bright Quasar Survey}",
  journal = {\apj},
   eprint = {astro-ph/0002470},
 keywords = {Galaxies: Quasars: Absorption Lines, Galaxies: Quasars: General, Radio Continuum: General, Surveys},
     year = 2000,
    month = jul,
   volume = 538,
    pages = {72-82},
      doi = {10.1086/309099},
   adsurl = {http://adsabs.harvard.edu/abs/2000ApJ...538...72B},
  adsnote = {Provided by the SAO/NASA Astrophysics Data System}
}

@ARTICLE{voit1993,
   author = {{Voit}, G.~M. and {Weymann}, R.~J. and {Korista}, K.~T.},
    title = "{Low-ionization broad absorption lines in quasars}",
  journal = {\apj},
 keywords = {Absorption Spectra, Metallicity, Photoionization, Quasars, Spectral Line Width, Aluminum, Magnesium, Molecular Clouds},
     year = 1993,
    month = aug,
   volume = 413,
    pages = {95-109},
      doi = {10.1086/172980},
   adsurl = {http://adsabs.harvard.edu/abs/1993ApJ...413...95V},
  adsnote = {Provided by the SAO/NASA Astrophysics Data System}
}


@ARTICLE{turnshek1994,
   author = {{Turnshek}, D.~A. and {Espey}, B.~R. and {Kopko}, Jr., M. and 
  {Rauch}, M. and {Weymann}, R.~J. and {Jannuzi}, B.~T. and {Boksenberg}, A. and 
  {Bergeron}, J. and {Hartig}, G.~F. and {Sargent}, W.~L.~W. and 
  {Savage}, B.~D. and {Schneider}, D.~P. and {Wolfe}, A.~M.},
    title = "{The HST quasar absorption line key project. 4: HST faint-object spectrograph and ground-based observations of the unusual low-redshift broad absorption-line quasi-stellar object PG 0043+039}",
  journal = {\apj},
 keywords = {Absorption Spectra, Line Spectra, Quasars, Seyfert Galaxies, Spectral Energy Distribution, Stellar Spectrophotometry, Cosmic Dust, Faint Objects, Hubble Space Telescope, Ionization Coefficients, Light Scattering, Red Shift, Spectrographs},
     year = 1994,
    month = jun,
   volume = 428,
    pages = {93-112},
      doi = {10.1086/174223},
   adsurl = {http://adsabs.harvard.edu/abs/1994ApJ...428...93T},
  adsnote = {Provided by the SAO/NASA Astrophysics Data System}
}

@ARTICLE{blackburne2014,
   author = {{Blackburne}, J.~A. and {Kochanek}, C.~S. and {Chen}, B. and 
	{Dai}, X. and {Chartas}, G.},
    title = "{The Optical, Ultraviolet, and X-Ray Structure of the Quasar HE 0435-1223}",
  journal = {\apj},
archivePrefix = "arXiv",
   eprint = {1112.0027},
 keywords = {accretion, accretion disks, gravitational lensing: micro, quasars: individual: HE 0435{\ndash}1223},
     year = 2014,
    month = jul,
   volume = 789,
      eid = {125},
    pages = {125},
      doi = {10.1088/0004-637X/789/2/125},
   adsurl = {http://adsabs.harvard.edu/abs/2014ApJ...789..125B},
  adsnote = {Provided by the SAO/NASA Astrophysics Data System}
}

@ARTICLE{lucy2014,
   author = {{Lucy}, A.~B. and {Leighly}, K.~M. and {Terndrup}, D.~M. and 
	{Dietrich}, M. and {Gallagher}, S.~C.},
    title = "{Tracing the Outflow of a z = 0.334 FeLoBAL: New Constraints from Low-ionization Absorbers in FBQS J1151+3822}",
  journal = {\apj},
archivePrefix = "arXiv",
   eprint = {1401.0605},
 primaryClass = "astro-ph.GA",
 keywords = {quasars: absorption lines, quasars: individual: FBQS J1151+3822},
     year = 2014,
    month = mar,
   volume = 783,
      eid = {58},
    pages = {58},
      doi = {10.1088/0004-637X/783/1/58},
   adsurl = {http://adsabs.harvard.edu/abs/2014ApJ...783...58L},
  adsnote = {Provided by the SAO/NASA Astrophysics Data System}
}

@ARTICLE{arav2013,
   author = {{Arav}, N. and {Borguet}, B. and {Chamberlain}, C. and {Edmonds}, D. and 
	{Danforth}, C.},
    title = "{Quasar outflows and AGN feedback in the extreme UV: HST/COS observations of HE 0238-1904}",
  journal = {\mnras},
archivePrefix = "arXiv",
   eprint = {1305.2181},
 keywords = {line: formation, galaxies: individual: HE 0238-1904, quasars: absorption lines},
     year = 2013,
    month = dec,
   volume = 436,
    pages = {3286-3305},
      doi = {10.1093/mnras/stt1812},
   adsurl = {http://adsabs.harvard.edu/abs/2013MNRAS.436.3286A},
  adsnote = {Provided by the SAO/NASA Astrophysics Data System}
}

@ARTICLE{luo2013,
   author = {{Luo}, B. and {Brandt}, W.~N. and {Alexander}, D.~M. and {Harrison}, F.~A. and 
	{Stern}, D. and {Bauer}, F.~E. and {Boggs}, S.~E. and {Christensen}, F.~E. and 
	{Comastri}, A. and {Craig}, W.~W. and {Fabian}, A.~C. and {Farrah}, D. and 
	{Fiore}, F. and {Fuerst}, F. and {Grefenstette}, B.~W. and {Hailey}, C.~J. and 
	{Hickox}, R. and {Madsen}, K.~K. and {Matt}, G. and {Ogle}, P. and 
	{Risaliti}, G. and {Saez}, C. and {Teng}, S.~H. and {Walton}, D.~J. and 
	{Zhang}, W.~W.},
    title = "{Weak Hard X-Ray Emission from Two Broad Absorption Line Quasars Observed with NuSTAR: Compton-thick Absorption or Intrinsic X-Ray Weakness?}",
  journal = {\apj},
archivePrefix = "arXiv",
   eprint = {1306.3500},
 keywords = {accretion, accretion disks, galaxies: active, galaxies: nuclei, quasars: absorption lines, quasars: emission lines, X-rays: general},
     year = 2013,
    month = aug,
   volume = 772,
      eid = {153},
    pages = {153},
      doi = {10.1088/0004-637X/772/2/153},
   adsurl = {http://adsabs.harvard.edu/abs/2013ApJ...772..153L},
  adsnote = {Provided by the SAO/NASA Astrophysics Data System}
}

@ARTICLE{chen2013b,
   author = {{Chen}, B. and {Dai}, X. and {Baron}, E. and {Kantowski}, R.
	},
    title = "{Effects of Kerr Strong Gravity on Quasar X-Ray Microlensing}",
  journal = {\apj},
archivePrefix = "arXiv",
   eprint = {1211.6487},
 primaryClass = "astro-ph.HE",
 keywords = {accretion, accretion disks, black hole physics, gravitational lensing: strong, quasars: general, X-rays: galaxies },
     year = 2013,
    month = jun,
   volume = 769,
      eid = {131},
    pages = {131},
      doi = {10.1088/0004-637X/769/2/131},
   adsurl = {http://adsabs.harvard.edu/abs/2013ApJ...769..131C},
  adsnote = {Provided by the SAO/NASA Astrophysics Data System}
}

@ARTICLE{reis2013,
   author = {{Reis}, R.~C. and {Miller}, J.~M.},
    title = "{On the Size and Location of the X-Ray Emitting Coronae around Black Holes}",
  journal = {\apjl},
archivePrefix = "arXiv",
   eprint = {1304.4947},
 primaryClass = "astro-ph.HE",
 keywords = {accretion, accretion disks, black hole physics, galaxies: active, quasars: general},
     year = 2013,
    month = may,
   volume = 769,
      eid = {L7},
    pages = {L7},
      doi = {10.1088/2041-8205/769/1/L7},
   adsurl = {http://adsabs.harvard.edu/abs/2013ApJ...769L...7R},
  adsnote = {Provided by the SAO/NASA Astrophysics Data System}
}

@ARTICLE{mosquera2013,
   author = {{Mosquera}, A.~M. and {Kochanek}, C.~S. and {Chen}, B. and {Dai}, X. and 
	{Blackburne}, J.~A. and {Chartas}, G.},
    title = "{The Structure of the X-Ray and Optical Emitting Regions of the Lensed Quasar Q 2237+0305}",
  journal = {\apj},
archivePrefix = "arXiv",
   eprint = {1301.5009},
 keywords = {accretion, accretion disks, gravitational lensing: micro, quasars: general },
     year = 2013,
    month = may,
   volume = 769,
      eid = {53},
    pages = {53},
      doi = {10.1088/0004-637X/769/1/53},
   adsurl = {http://adsabs.harvard.edu/abs/2013ApJ...769...53M},
  adsnote = {Provided by the SAO/NASA Astrophysics Data System}
}

@ARTICLE{chen2013a,
   author = {{Chen}, B. and {Dai}, X. and {Baron}, E.},
    title = "{Inclination-dependent Active Galactic Nucleus Flux Profiles from Strong Lensing of the Kerr Spacetime}",
  journal = {\apj},
archivePrefix = "arXiv",
   eprint = {1211.2510},
 primaryClass = "astro-ph.HE",
 keywords = {accretion, accretion disks, black hole physics, gravitational lensing: strong, quasars: general, quasars: absorption lines, X-rays: galaxies },
     year = 2013,
    month = jan,
   volume = 762,
      eid = {122},
    pages = {122},
      doi = {10.1088/0004-637X/762/2/122},
   adsurl = {http://adsabs.harvard.edu/abs/2013ApJ...762..122C},
  adsnote = {Provided by the SAO/NASA Astrophysics Data System}
}

@ARTICLE{dipompeo2013,
   author = {{DiPompeo}, M.~A. and {Runnoe}, J.~C. and {Brotherton}, M.~S. and 
	{Myers}, A.~D.},
    title = "{An Infrared Excess Identified in Radio-loud Broad Absorption Line Quasars}",
  journal = {\apj},
archivePrefix = "arXiv",
   eprint = {1211.4837},
 keywords = {quasars: absorption lines, quasars: emission lines, quasars: general },
     year = 2013,
    month = jan,
   volume = 762,
      eid = {111},
    pages = {111},
      doi = {10.1088/0004-637X/762/2/111},
   adsurl = {http://adsabs.harvard.edu/abs/2013ApJ...762..111D},
  adsnote = {Provided by the SAO/NASA Astrophysics Data System}
}

@ARTICLE{morgan2012,
   author = {{Morgan}, C.~W. and {Hainline}, L.~J. and {Chen}, B. and {Tewes}, M. and 
	{Kochanek}, C.~S. and {Dai}, X. and {Kozlowski}, S. and {Blackburne}, J.~A. and 
	{Mosquera}, A.~M. and {Chartas}, G. and {Courbin}, F. and {Meylan}, G.
	},
    title = "{Further Evidence that Quasar X-Ray Emitting Regions are Compact: X-Ray and Optical Microlensing in the Lensed Quasar Q J0158-4325}",
  journal = {\apj},
archivePrefix = "arXiv",
   eprint = {1205.4727},
 keywords = {accretion, accretion disks, cosmology: observations, dark matter, gravitational lensing: micro, gravitational lensing: strong, quasars: general},
     year = 2012,
    month = sep,
   volume = 756,
      eid = {52},
    pages = {52},
      doi = {10.1088/0004-637X/756/1/52},
   adsurl = {http://adsabs.harvard.edu/abs/2012ApJ...756...52M},
  adsnote = {Provided by the SAO/NASA Astrophysics Data System}
}

@ARTICLE{morabito2011,
   author = {{Morabito}, L.~K. and {Dai}, X. and {Leighly}, K.~M. and {Sivakoff}, G.~R. and 
	{Shankar}, F.},
    title = "{Suzaku Observations of Three FeLoBAL Quasi-stellar Objects: SDSS J0943+5417, J1352+4239, and J1723+5553}",
  journal = {\apj},
archivePrefix = "arXiv",
   eprint = {1011.4327},
 keywords = {quasars: absorption lines, quasars: general, quasars: individual: SDSS J0943+5417 SDSS J1352+4239 SDSS J1723+5553, X-rays: galaxies},
     year = 2011,
    month = aug,
   volume = 737,
      eid = {46},
    pages = {46},
      doi = {10.1088/0004-637X/737/1/46},
   adsurl = {http://adsabs.harvard.edu/abs/2011ApJ...737...46M},
  adsnote = {Provided by the SAO/NASA Astrophysics Data System}
}

@ARTICLE{stalin2011,
   author = {{Stalin}, C.~S. and {Srianand}, R. and {Petitjean}, P.},
    title = "{X-ray and optical properties of broad absorption line quasars in the Canada-France-Hawaii Telescope Legacy Survey}",
  journal = {\mnras},
archivePrefix = "arXiv",
   eprint = {1012.2425},
 keywords = {surveys, galaxies: active, quasars: general, X-rays: general},
     year = 2011,
    month = may,
   volume = 413,
    pages = {1013-1023},
      doi = {10.1111/j.1365-2966.2010.18190.x},
   adsurl = {http://adsabs.harvard.edu/abs/2011MNRAS.413.1013S},
  adsnote = {Provided by the SAO/NASA Astrophysics Data System}
}

@ARTICLE{2011MNRAS.412.2211G,
   author = {{Graham}, A.~W. and {Onken}, C.~A. and {Athanassoula}, E. and 
	{Combes}, F.},
    title = "{An expanded M$_{bh}$-{$\sigma$} diagram, and a new calibration of active galactic nuclei masses}",
  journal = {\mnras},
archivePrefix = "arXiv",
   eprint = {1007.3834},
 keywords = {black hole physics, catalogues, galaxies: active, galaxies: nuclei, quasars: general, galaxies: Seyfert},
     year = 2011,
    month = apr,
   volume = 412,
    pages = {2211-2228},
      doi = {10.1111/j.1365-2966.2010.18045.x},
   adsurl = {http://adsabs.harvard.edu/abs/2011MNRAS.412.2211G},
  adsnote = {Provided by the SAO/NASA Astrophysics Data System}
}

@ARTICLE{pauldrach1994,
   author = {{Pauldrach}, A.~W.~A. and {Kudritzki}, R.~P. and {Puls}, J. and 
  {Butler}, K. and {Hunsinger}, J.},
    title = "{Radiation-driven winds of hot luminous stars. 12: A first step towards detailed UV-line diagnostics of O-stars}",
  journal = {\aap},
 keywords = {Computational Astrophysics, Line Spectra, Mass Transfer, O Stars, Radiative Transfer, Shock Heating, Stellar Atmospheres, Stellar Mass, Stellar Models, Stellar Winds, Ultraviolet Spectra, Abundance, Computerized Simulation, Interstellar Matter, Magellanic Clouds, Mathematical Models, Photosphere, Stellar Temperature},
     year = 1994,
    month = mar,
   volume = 283,
    pages = {525-560},
   adsurl = {http://adsabs.harvard.edu/abs/1994A%26A...283..525P},
  adsnote = {Provided by the SAO/NASA Astrophysics Data System}
}


@ARTICLE{2010ApJ...718..368L,
   author = {{La Franca}, F. and {Melini}, G. and {Fiore}, F.},
    title = "{Tools for Computing the AGN Feedback: Radio-loudness Distribution and the Kinetic Luminosity Function}",
  journal = {\apj},
archivePrefix = "arXiv",
   eprint = {1006.1247},
 keywords = {galaxies: active, galaxies: evolution, galaxies: luminosity function, mass function, quasars: general, radio continuum: galaxies, X-rays: galaxies},
     year = 2010,
    month = jul,
   volume = 718,
    pages = {368-379},
      doi = {10.1088/0004-637X/718/1/368},
   adsurl = {http://adsabs.harvard.edu/abs/2010ApJ...718..368L},
  adsnote = {Provided by the SAO/NASA Astrophysics Data System}
}

@ARTICLE{reeves2002,
   author = {{Reeves}, J.~N. and {Wynn}, G. and {O'Brien}, P.~T. and {Pounds}, K.~A.
  },
    title = "{Extreme X-ray variability in the luminous quasar PDS 456}",
  journal = {\mnras},
   eprint = {astro-ph/0209120},
 keywords = {galaxies: active, quasars: individual: PDS 456, X-rays: galaxies},
     year = 2002,
    month = nov,
   volume = 336,
    pages = {L56-L60},
      doi = {10.1046/j.1365-8711.2002.06038.x},
   adsurl = {http://adsabs.harvard.edu/abs/2002MNRAS.336L..56R},
  adsnote = {Provided by the SAO/NASA Astrophysics Data System}
}



@ARTICLE{pounds2016,
   author = {{Pounds}, K. and {Lobban}, A. and {Reeves}, J. and {Vaughan}, S.
  },
    title = "{Detection of a second high-velocity component in the highly ionized wind from PG 1211+143}",
  journal = {\mnras},
archivePrefix = "arXiv",
   eprint = {1601.05367},
 keywords = {galaxies: active, galaxies: individual: PG1211+143, quasars: general, galaxies: Seyfert, X-rays: galaxies},
     year = 2016,
    month = apr,
   volume = 457,
    pages = {2951-2957},
      doi = {10.1093/mnras/stw165},
   adsurl = {http://adsabs.harvard.edu/abs/2016MNRAS.457.2951P},
  adsnote = {Provided by the SAO/NASA Astrophysics Data System}
}


@ARTICLE{donejin2015,
   author = {{Done}, C. and {Jin}, C.},
    title = "{The Mass and Spin of The Extreme Narrow Line Seyfert 1 Galaxy 1H0707-495 and Its Implications for The Trigger for Relativistic Jets}",
  journal = {ArXiv e-prints},
archivePrefix = "arXiv",
   eprint = {1506.04547},
 primaryClass = "astro-ph.HE",
 keywords = {Astrophysics - High Energy Astrophysical Phenomena},
     year = 2015,
    month = jun,
   adsurl = {http://adsabs.harvard.edu/abs/2015arXiv150604547D},
  adsnote = {Provided by the SAO/NASA Astrophysics Data System}
}


@ARTICLE{foltz1987,
   author = {{Foltz}, C.~B. and {Weymann}, R.~J. and {Morris}, S.~L. and 
  {Turnshek}, D.~A.},
    title = "{The complex absorption spectrum of the broad absorption line QSO 1303 + 308}",
  journal = {\apj},
 keywords = {Absorption Spectra, Astronomical Spectroscopy, Line Spectra, Quasars, Lyman Alpha Radiation, Radial Velocity, Velocity Distribution},
     year = 1987,
    month = jun,
   volume = 317,
    pages = {450-459},
      doi = {10.1086/165290},
   adsurl = {http://adsabs.harvard.edu/abs/1987ApJ...317..450F},
  adsnote = {Provided by the SAO/NASA Astrophysics Data System}
}

@ARTICLE{borguet2010,
   author = {{Borguet}, B. and {Hutsem{\'e}kers}, D.},
    title = "{A polar+equatorial wind model for broad absorption line quasars. I. Fitting the C IV BAL profiles}",
  journal = {\aap},
archivePrefix = "arXiv",
   eprint = {1003.2386},
 keywords = {quasars: absorption lines, radiative transfer, methods: numerical},
     year = 2010,
    month = jun,
   volume = 515,
      eid = {A22},
    pages = {A22},
      doi = {10.1051/0004-6361/200913255},
   adsurl = {http://adsabs.harvard.edu/abs/2010A%26A...515A..22B},
  adsnote = {Provided by the SAO/NASA Astrophysics Data System}
}

@ARTICLE{2010MNRAS.401.1869S,
   author = {{Shankar}, F. and {Sivakoff}, G.~R. and {Vestergaard}, M. and 
	{Dai}, X.},
    title = "{The relative growth of optical and radio quasars in SDSS}",
  journal = {\mnras},
archivePrefix = "arXiv",
   eprint = {0909.4092},
 keywords = {galaxies: active, galaxies: jets, quasars: general},
     year = 2010,
    month = jan,
   volume = 401,
    pages = {1869-1881},
      doi = {10.1111/j.1365-2966.2009.15764.x},
   adsurl = {http://adsabs.harvard.edu/abs/2010MNRAS.401.1869S},
  adsnote = {Provided by the SAO/NASA Astrophysics Data System}
}


@INPROCEEDINGS{2009AIPC.1201...33M,
   author = {{Mathur}, S. and {Stoll}, R. and {Krongold}, Y. and {Nicastro}, F. and 
	{Brickhouse}, N. and {Elvis}, M.},
    title = "{AGN Feedback: Does it Work?}",
 keywords = {galactic nuclei, jets, clusters of galaxies, quasars, charge-coupled devices, Galactic nuclei circumnuclear matter and bulges, Jets and bursts, galactic winds and fountains, Interacting galaxies, galaxy pairs and triples, Quasars, Charge-coupled devices image detectors and IR detector arrays},
booktitle = {American Institute of Physics Conference Series},
     year = 2009,
   series = {American Institute of Physics Conference Series},
   volume = 1201,
archivePrefix = "arXiv",
   eprint = {0910.3691},
   editor = {{Heinz}, S. and {Wilcots}, E.},
    month = dec,
    pages = {33-36},
      doi = {10.1063/1.3293071},
   adsurl = {http://adsabs.harvard.edu/abs/2009AIPC.1201...33M},
  adsnote = {Provided by the SAO/NASA Astrophysics Data System}
}

@ARTICLE{2009ApJ...706..525M,
   author = {{Moe}, M. and {Arav}, N. and {Bautista}, M.~A. and {Korista}, K.~T.
	},
    title = "{Quasar Outflow Contribution to AGN Feedback: Observations of QSO SDSS J0838+2955}",
  journal = {\apj},
archivePrefix = "arXiv",
   eprint = {0911.3332},
 keywords = {galaxies: evolution, quasars: absorption lines, quasars: individual: SDSS J0838 + 2955},
     year = 2009,
    month = nov,
   volume = 706,
    pages = {525-534},
      doi = {10.1088/0004-637X/706/1/525},
   adsurl = {http://adsabs.harvard.edu/abs/2009ApJ...706..525M},
  adsnote = {Provided by the SAO/NASA Astrophysics Data System}
}

@ARTICLE{2009ApJ...693..174C,
   author = {{Chartas}, G. and {Kochanek}, C.~S. and {Dai}, X. and {Poindexter}, S. and 
	{Garmire}, G.},
    title = "{X-Ray Microlensing in RXJ1131-1231 and HE1104-1805}",
  journal = {\apj},
archivePrefix = "arXiv",
   eprint = {0805.4492},
 keywords = {galaxies: active, quasars: individual: RX J1131-1231 HE 1104-1805, gravitational lensing, X-rays: galaxies},
     year = 2009,
    month = mar,
   volume = 693,
    pages = {174-185},
      doi = {10.1088/0004-637X/693/1/174},
   adsurl = {http://adsabs.harvard.edu/abs/2009ApJ...693..174C},
  adsnote = {Provided by the SAO/NASA Astrophysics Data System}
}

@ARTICLE{gibson2009,
   author = {{Gibson}, R.~R. and {Jiang}, L. and {Brandt}, W.~N. and {Hall}, P.~B. and 
	{Shen}, Y. and {Wu}, J. and {Anderson}, S.~F. and {Schneider}, D.~P. and 
	{Vanden Berk}, D. and {Gallagher}, S.~C. and {Fan}, X. and {York}, D.~G.
	},
    title = "{A Catalog of Broad Absorption Line Quasars in Sloan Digital Sky Survey Data Release 5}",
  journal = {\apj},
archivePrefix = "arXiv",
   eprint = {0810.2747},
 keywords = {galaxies: active, galaxies: nuclei, quasars: absorption lines, quasars: emission lines, X-rays: general},
     year = 2009,
    month = feb,
   volume = 692,
    pages = {758-777},
      doi = {10.1088/0004-637X/692/1/758},
   adsurl = {http://adsabs.harvard.edu/abs/2009ApJ...692..758G},
  adsnote = {Provided by the SAO/NASA Astrophysics Data System}
}

@ARTICLE{grupe2008,
   author = {{Grupe}, D. and {Leighly}, K.~M. and {Komossa}, S.},
    title = "{First Detection of Hard X-Ray Photons in the Soft X-Ray Transient Narrow-Line Seyfert 1 Galaxy WPVS 007: The X-Ray Photon Distribution Observed by Swift}",
  journal = {\aj},
archivePrefix = "arXiv",
   eprint = {0809.2599},
 keywords = {galaxies: active, galaxies: individual: WPVS007, X-rays: galaxies},
     year = 2008,
    month = dec,
   volume = 136,
    pages = {2343-2349},
      doi = {10.1088/0004-6256/136/6/2343},
   adsurl = {http://adsabs.harvard.edu/abs/2008AJ....136.2343G},
  adsnote = {Provided by the SAO/NASA Astrophysics Data System}
}

@ARTICLE{2008ApJ...687..859S,
   author = {{Shankar}, F. and {Dai}, X. and {Sivakoff}, G.~R.},
    title = "{Dependence of the Broad Absorption Line Quasar Fraction on Radio Luminosity}",
  journal = {\apj},
archivePrefix = "arXiv",
   eprint = {0801.4379},
 keywords = {black hole physics, galaxies: active, galaxies: evolution, galaxies: jets },
     year = 2008,
    month = nov,
   volume = 687,
      eid = {859-868},
    pages = {859-868},
      doi = {10.1086/591488},
   adsurl = {http://adsabs.harvard.edu/abs/2008ApJ...687..859S},
  adsnote = {Provided by the SAO/NASA Astrophysics Data System}
}

@ARTICLE{2008ApJ...680..169S,
   author = {{Shen}, Y. and {Greene}, J.~E. and {Strauss}, M.~A. and {Richards}, G.~T. and 
	{Schneider}, D.~P.},
    title = "{Biases in Virial Black Hole Masses: An SDSS Perspective}",
  journal = {\apj},
archivePrefix = "arXiv",
   eprint = {0709.3098},
 keywords = {black hole physics, galaxies: active, galaxies: fundamental parameters, galaxies: high-redshift, quasars: general, surveys },
     year = 2008,
    month = jun,
   volume = 680,
      eid = {169-190},
    pages = {169-190},
      doi = {10.1086/587475},
   adsurl = {http://adsabs.harvard.edu/abs/2008ApJ...680..169S},
  adsnote = {Provided by the SAO/NASA Astrophysics Data System}
}

@ARTICLE{2008MNRAS.386.1605M,
   author = {{Maddox}, N. and {Hewett}, P.~C. and {Warren}, S.~J. and {Croom}, S.~M.
	},
    title = "{Luminous K-band selected quasars from UKIDSS}",
  journal = {\mnras},
archivePrefix = "arXiv",
   eprint = {0802.3650},
 keywords = {surveys , quasars: general , infrared: general},
     year = 2008,
    month = may,
   volume = 386,
    pages = {1605-1624},
      doi = {10.1111/j.1365-2966.2008.13138.x},
   adsurl = {http://adsabs.harvard.edu/abs/2008MNRAS.386.1605M},
  adsnote = {Provided by the SAO/NASA Astrophysics Data System}
}

@ARTICLE{2008MNRAS.386.1426K,
   author = {{Knigge}, C. and {Scaringi}, S. and {Goad}, M.~R. and {Cottis}, C.~E.
	},
    title = "{The intrinsic fraction of broad-absorption line quasars}",
  journal = {\mnras},
archivePrefix = "arXiv",
   eprint = {0802.3697},
 keywords = {methods: statistical , catalogues , surveys , quasars: absorption lines},
     year = 2008,
    month = may,
   volume = 386,
    pages = {1426-1435},
      doi = {10.1111/j.1365-2966.2008.13081.x},
   adsurl = {http://adsabs.harvard.edu/abs/2008MNRAS.386.1426K},
  adsnote = {Provided by the SAO/NASA Astrophysics Data System}
}

@ARTICLE{saez2008,
   author = {{Saez}, C. and {Chartas}, G. and {Brandt}, W.~N. and {Lehmer}, B.~D. and 
	{Bauer}, F.~E. and {Dai}, X. and {Garmire}, G.~P.},
    title = "{Confirmation of a Correlation Between the X-Ray Luminosity and Spectral Slope of Active Galactic Nuclei in the Chandra Deep Fields}",
  journal = {\aj},
archivePrefix = "arXiv",
   eprint = {0801.3599},
 keywords = {cosmology: observations, galaxies: active, galaxies: statistics, X-rays: galaxies},
     year = 2008,
    month = apr,
   volume = 135,
    pages = {1505-1522},
      doi = {10.1088/0004-6256/135/4/1505},
   adsurl = {http://adsabs.harvard.edu/abs/2008AJ....135.1505S},
  adsnote = {Provided by the SAO/NASA Astrophysics Data System}
}

@ARTICLE{2008ApJ...676..131S,
   author = {{Shankar}, F. and {Cavaliere}, A. and {Cirasuolo}, M. and {Maraschi}, L.
	},
    title = "{Optical-Radio Mapping: the Kinetic Efficiency of Radio-Loud AGNs}",
  journal = {\apj},
archivePrefix = "arXiv",
   eprint = {0712.3004},
 keywords = {galaxies: active, galaxies: jets, quasars: general },
     year = 2008,
    month = mar,
   volume = 676,
      eid = {131-136},
    pages = {131-136},
      doi = {10.1086/528836},
   adsurl = {http://adsabs.harvard.edu/abs/2008ApJ...676..131S},
  adsnote = {Provided by the SAO/NASA Astrophysics Data System}
}

@ARTICLE{dai2008,
   author = {{Dai}, X. and {Shankar}, F. and {Sivakoff}, G.~R.},
    title = "{2MASS Reveals a Large Intrinsic Fraction of BALQSOs}",
  journal = {\apj},
archivePrefix = "arXiv",
   eprint = {0704.2882},
 keywords = {quasars: absorption lines, quasars: general },
     year = 2008,
    month = jan,
   volume = 672,
      eid = {108-114},
    pages = {108-114},
      doi = {10.1086/523688},
   adsurl = {http://adsabs.harvard.edu/abs/2008ApJ...672..108D},
  adsnote = {Provided by the SAO/NASA Astrophysics Data System}
}

@ARTICLE{2008ApJ...672..102G,
   author = {{Ganguly}, R. and {Brotherton}, M.~S.},
    title = "{On the Fraction of Quasars with Outflows}",
  journal = {\apj},
archivePrefix = "arXiv",
   eprint = {0710.0588},
 keywords = {accretion, accretion disks, galaxies: active, quasars: absorption lines, quasars: general },
     year = 2008,
    month = jan,
   volume = 672,
      eid = {102-107},
    pages = {102-107},
      doi = {10.1086/524106},
   adsurl = {http://adsabs.harvard.edu/abs/2008ApJ...672..102G},
  adsnote = {Provided by the SAO/NASA Astrophysics Data System}
}

@INPROCEEDINGS{2007ASPC..373..305G,
   author = {{Gallagher}, S.~C. and {Everett}, J.~E.},
    title = "{Stratified Quasar Winds: Integrating X-ray and Infrared Views of Broad Absorption-line Quasars}",
booktitle = {The Central Engine of Active Galactic Nuclei},
     year = 2007,
   series = {Astronomical Society of the Pacific Conference Series},
   volume = 373,
   eprint = {astro-ph/0701076},
   editor = {{Ho}, L.~C. and {Wang}, J.-W.},
    month = oct,
    pages = {305},
   adsurl = {http://adsabs.harvard.edu/abs/2007ASPC..373..305G},
  adsnote = {Provided by the SAO/NASA Astrophysics Data System}
}

@ARTICLE{2007ApJ...665.1004J,
   author = {{Just}, D.~W. and {Brandt}, W.~N. and {Shemmer}, O. and {Steffen}, A.~T. and 
	{Schneider}, D.~P. and {Chartas}, G. and {Garmire}, G.~P.},
    title = "{The X-Ray Properties of the Most Luminous Quasars from the Sloan Digital Sky Survey}",
  journal = {\apj},
archivePrefix = "arXiv",
   eprint = {0705.3059},
 keywords = {Galaxies: Active, Galaxies: Evolution, Galaxies: Nuclei, Methods: Statistical},
     year = 2007,
    month = aug,
   volume = 665,
    pages = {1004-1022},
      doi = {10.1086/519990},
   adsurl = {http://adsabs.harvard.edu/abs/2007ApJ...665.1004J},
  adsnote = {Provided by the SAO/NASA Astrophysics Data System}
}

@ARTICLE{2007ApJ...661L.139G,
   author = {{Ghosh}, K.~K. and {Punsly}, B.},
    title = "{The Physical Nature of Polar Broad Absorption Line Quasars}",
  journal = {\apjl},
archivePrefix = "arXiv",
   eprint = {0704.2407},
 keywords = {Accretion, Accretion Disks, Black Hole Physics, Galaxies: Jets, Galaxies: Quasars: Absorption Lines, Galaxies: Quasars: General},
     year = 2007,
    month = jun,
   volume = 661,
    pages = {L139-L142},
      doi = {10.1086/518859},
   adsurl = {http://adsabs.harvard.edu/abs/2007ApJ...661L.139G},
  adsnote = {Provided by the SAO/NASA Astrophysics Data System}
}

@ARTICLE{2007AJ....133.1849C,
   author = {{Chartas}, G. and {Brandt}, W.~N. and {Gallagher}, S.~C. and 
	{Proga}, D.},
    title = "{XMM-Newton and Chandra Spectroscopy of the Variable High-Energy Absorption of PG 1115+080: Refined Outflow Constraints}",
  journal = {\aj},
   eprint = {astro-ph/0701104},
 keywords = {galaxies: active, gravitational lensing, quasars: absorption lines, quasars: individual: PG 1115+080: APM 08279+5225, X-rays: galaxies},
     year = 2007,
    month = may,
   volume = 133,
    pages = {1849-1860},
      doi = {10.1086/512364},
   adsurl = {http://adsabs.harvard.edu/abs/2007AJ....133.1849C},
  adsnote = {Provided by the SAO/NASA Astrophysics Data System}
}

@ARTICLE{2007ApJ...656..680J,
   author = {{Jiang}, L. and {Fan}, X. and {Ivezi{\'c}}, {\v Z}. and {Richards}, G.~T. and 
	{Schneider}, D.~P. and {Strauss}, M.~A. and {Kelly}, B.~C.},
    title = "{The Radio-Loud Fraction of Quasars is a Strong Function of Redshift and Optical Luminosity}",
  journal = {\apj},
   eprint = {astro-ph/0611453},
 keywords = {Galaxies: Active, Galaxies: Quasars: General, Radio Continuum: Galaxies},
     year = 2007,
    month = feb,
   volume = 656,
    pages = {680-690},
      doi = {10.1086/510831},
   adsurl = {http://adsabs.harvard.edu/abs/2007ApJ...656..680J},
  adsnote = {Provided by the SAO/NASA Astrophysics Data System}
}

@ARTICLE{2006ApJ...652..610P,
   author = {{Park}, T. and {Kashyap}, V.~L. and {Siemiginowska}, A. and 
	{van Dyk}, D.~A. and {Zezas}, A. and {Heinke}, C. and {Wargelin}, B.~J.
	},
    title = "{Bayesian Estimation of Hardness Ratios: Modeling and Computations}",
  journal = {\apj},
   eprint = {astro-ph/0606247},
 keywords = {Methods: Statistical, Stars: Flare, X-Rays: Binaries},
     year = 2006,
    month = nov,
   volume = 652,
    pages = {610-628},
      doi = {10.1086/507406},
   adsurl = {http://adsabs.harvard.edu/abs/2006ApJ...652..610P},
  adsnote = {Provided by the SAO/NASA Astrophysics Data System}
}

@ARTICLE{2006ApJS..166..470R,
   author = {{Richards}, G.~T. and {Lacy}, M. and {Storrie-Lombardi}, L.~J. and 
	{Hall}, P.~B. and {Gallagher}, S.~C. and {Hines}, D.~C. and 
	{Fan}, X. and {Papovich}, C. and {Vanden Berk}, D.~E. and {Trammell}, G.~B. and 
	{Schneider}, D.~P. and {Vestergaard}, M. and {York}, D.~G. and 
	{Jester}, S. and {Anderson}, S.~F. and {Budav{\'a}ri}, T. and 
	{Szalay}, A.~S.},
    title = "{Spectral Energy Distributions and Multiwavelength Selection of Type 1 Quasars}",
  journal = {\apjs},
   eprint = {astro-ph/0601558},
 keywords = {Catalogs, Galaxies: Active, Infrared: Galaxies, Galaxies: Quasars: General, Radio Continuum: Galaxies, Surveys, Ultraviolet: Galaxies, X-Rays: Galaxies},
     year = 2006,
    month = oct,
   volume = 166,
    pages = {470-497},
      doi = {10.1086/506525},
   adsurl = {http://adsabs.harvard.edu/abs/2006ApJS..166..470R},
  adsnote = {Provided by the SAO/NASA Astrophysics Data System}
}

@ARTICLE{2006ApJS..165....1T,
   author = {{Trump}, J.~R. and {Hall}, P.~B. and {Reichard}, T.~A. and {Richards}, G.~T. and 
	{Schneider}, D.~P. and {Vanden Berk}, D.~E. and {Knapp}, G.~R. and 
	{Anderson}, S.~F. and {Fan}, X. and {Brinkman}, J. and {Kleinman}, S.~J. and 
	{Nitta}, A.},
    title = "{A Catalog of Broad Absorption Line Quasars from the Sloan Digital Sky Survey Third Data Release}",
  journal = {\apjs},
   eprint = {astro-ph/0603070},
 keywords = {Catalogs, Galaxies: Active, Galaxies: Quasars: Absorption Lines, Galaxies: Quasars: Emission Lines, Galaxies: Quasars: General},
     year = 2006,
    month = jul,
   volume = 165,
    pages = {1-18},
      doi = {10.1086/503834},
   adsurl = {http://adsabs.harvard.edu/abs/2006ApJS..165....1T},
  adsnote = {Provided by the SAO/NASA Astrophysics Data System}
}

@ARTICLE{2006ApJ...644..709G,
   author = {{Gallagher}, S.~C. and {Brandt}, W.~N. and {Chartas}, G. and 
	{Priddey}, R. and {Garmire}, G.~P. and {Sambruna}, R.~M.},
    title = "{An Exploratory Chandra Survey of a Well-defined Sample of 35 Large Bright Quasar Survey Broad Absorption Line Quasars}",
  journal = {\apj},
   eprint = {astro-ph/0602550},
 keywords = {Galaxies: Active, Galaxies: Quasars: Absorption Lines, Galaxies: Quasars: General, X-Rays: Galaxies},
     year = 2006,
    month = jun,
   volume = 644,
    pages = {709-724},
      doi = {10.1086/503762},
   adsurl = {http://adsabs.harvard.edu/abs/2006ApJ...644..709G},
  adsnote = {Provided by the SAO/NASA Astrophysics Data System}
}

@ARTICLE{2006AJ....131.2826S,
   author = {{Steffen}, A.~T. and {Strateva}, I. and {Brandt}, W.~N. and 
	{Alexander}, D.~M. and {Koekemoer}, A.~M. and {Lehmer}, B.~D. and 
	{Schneider}, D.~P. and {Vignali}, C.},
    title = "{The X-Ray-to-Optical Properties of Optically Selected Active Galaxies over Wide Luminosity and Redshift Ranges}",
  journal = {\aj},
   eprint = {astro-ph/0602407},
 keywords = {Galaxies: Active, Galaxies: Evolution, Galaxies: Nuclei, Methods: Statistical, Ultraviolet: Galaxies, X-Rays: Galaxies},
     year = 2006,
    month = jun,
   volume = 131,
    pages = {2826-2842},
      doi = {10.1086/503627},
   adsurl = {http://adsabs.harvard.edu/abs/2006AJ....131.2826S},
  adsnote = {Provided by the SAO/NASA Astrophysics Data System}
}

@ARTICLE{2006ApJ...639..716Z,
   author = {{Zhou}, H. and {Wang}, T. and {Wang}, H. and {Wang}, J. and 
	{Yuan}, W. and {Lu}, Y.},
    title = "{Polar Outflows in Six Broad Absorption Line Quasars}",
  journal = {\apj},
   eprint = {astro-ph/0510243},
 keywords = {Galaxies: Quasars: Absorption Lines, Galaxies: Quasars: General, Radio Continuum: Galaxies},
     year = 2006,
    month = mar,
   volume = 639,
    pages = {716-723},
      doi = {10.1086/499768},
   adsurl = {http://adsabs.harvard.edu/abs/2006ApJ...639..716Z},
  adsnote = {Provided by the SAO/NASA Astrophysics Data System}
}

@ARTICLE{2006AJ....131.1163S,
   author = {{Skrutskie}, M.~F. and {Cutri}, R.~M. and {Stiening}, R. and 
	{Weinberg}, M.~D. and {Schneider}, S. and {Carpenter}, J.~M. and 
	{Beichman}, C. and {Capps}, R. and {Chester}, T. and {Elias}, J. and 
	{Huchra}, J. and {Liebert}, J. and {Lonsdale}, C. and {Monet}, D.~G. and 
	{Price}, S. and {Seitzer}, P. and {Jarrett}, T. and {Kirkpatrick}, J.~D. and 
	{Gizis}, J.~E. and {Howard}, E. and {Evans}, T. and {Fowler}, J. and 
	{Fullmer}, L. and {Hurt}, R. and {Light}, R. and {Kopan}, E.~L. and 
	{Marsh}, K.~A. and {McCallon}, H.~L. and {Tam}, R. and {Van Dyk}, S. and 
	{Wheelock}, S.},
    title = "{The Two Micron All Sky Survey (2MASS)}",
  journal = {\aj},
 keywords = {Catalogs, Infrared: General, Surveys},
     year = 2006,
    month = feb,
   volume = 131,
    pages = {1163-1183},
      doi = {10.1086/498708},
   adsurl = {http://adsabs.harvard.edu/abs/2006AJ....131.1163S},
  adsnote = {Provided by the SAO/NASA Astrophysics Data System}
}

@ARTICLE{clavel2006,
   author = {{Clavel}, J. and {Schartel}, N. and {Tomas}, L.},
    title = "{Long observations of the BALQSO LBQS 2212-1759 with XMM-Newton}",
  journal = {\aap},
   eprint = {astro-ph/0509432},
 keywords = {quasars: absorption lines, quasars: individual: LBQS 2212-1759, X-rays: individuals: LBQS 2212-1759, galaxies: active, X-rays: galaxies, ultraviolet: galaxies, galaxies: active},
     year = 2006,
    month = feb,
   volume = 446,
    pages = {439-446},
      doi = {10.1051/0004-6361:20041963},
   adsurl = {http://adsabs.harvard.edu/abs/2006A%26A...446..439C},
  adsnote = {Provided by the SAO/NASA Astrophysics Data System}
}

@ARTICLE{2005ApJ...630..705H,
   author = {{Hopkins}, P.~F. and {Hernquist}, L. and {Cox}, T.~J. and {Di Matteo}, T. and 
	{Martini}, P. and {Robertson}, B. and {Springel}, V.},
    title = "{Black Holes in Galaxy Mergers: Evolution of Quasars}",
  journal = {\apj},
   eprint = {astro-ph/0504190},
 keywords = {Cosmology: Theory, Galaxies: Active, Galaxies: Evolution, Galaxies: Nuclei, Galaxies: Quasars: General},
     year = 2005,
    month = sep,
   volume = 630,
    pages = {705-715},
      doi = {10.1086/432438},
   adsurl = {http://adsabs.harvard.edu/abs/2005ApJ...630..705H},
  adsnote = {Provided by the SAO/NASA Astrophysics Data System}
}

@ARTICLE{2004ApJ...608...62S,
   author = {{Scannapieco}, E. and {Oh}, S.~P.},
    title = "{Quasar Feedback: The Missing Link in Structure Formation}",
  journal = {\apj},
   eprint = {astro-ph/0401087},
 keywords = {Cosmology: Theory, Galaxies: Evolution, Galaxies: Intergalactic Medium, Cosmology: Large-Scale Structure of Universe, Galaxies: Quasars: General},
     year = 2004,
    month = jun,
   volume = 608,
    pages = {62-79},
      doi = {10.1086/386542},
   adsurl = {http://adsabs.harvard.edu/abs/2004ApJ...608...62S},
  adsnote = {Provided by the SAO/NASA Astrophysics Data System}
}

@ARTICLE{dai2004,
   author = {{Dai}, X. and {Chartas}, G. and {Eracleous}, M. and {Garmire}, G.~P.
	},
    title = "{A Study of Quasar Evolution in the X-Ray Band with the Aid of Gravitational Lensing}",
  journal = {\apj},
   eprint = {astro-ph/0401013},
 keywords = {Galaxies: High-Redshift, Cosmology: Gravitational Lensing, Galaxies: Quasars: General, X-Rays: Galaxies},
     year = 2004,
    month = apr,
   volume = 605,
    pages = {45-57},
      doi = {10.1086/382205},
   adsurl = {http://adsabs.harvard.edu/abs/2004ApJ...605...45D},
  adsnote = {Provided by the SAO/NASA Astrophysics Data System}
}

@ARTICLE{2004ApJ...600..580G,
   author = {{Granato}, G.~L. and {De Zotti}, G. and {Silva}, L. and {Bressan}, A. and 
	{Danese}, L.},
    title = "{A Physical Model for the Coevolution of QSOs and Their Spheroidal Hosts}",
  journal = {\apj},
   eprint = {astro-ph/0307202},
 keywords = {Galaxies: Elliptical and Lenticular, cD, Galaxies: Evolution, Galaxies: Formation, Galaxies: Quasars: General},
     year = 2004,
    month = jan,
   volume = 600,
    pages = {580-594},
      doi = {10.1086/379875},
   adsurl = {http://adsabs.harvard.edu/abs/2004ApJ...600..580G},
  adsnote = {Provided by the SAO/NASA Astrophysics Data System}
}


@ARTICLE{chartas2003,
   author = {{Chartas}, G. and {Brandt}, W.~N. and {Gallagher}, S.~C.},
    title = "{XMM-Newton Reveals the Quasar Outflow in PG 1115+080}",
  journal = {\apj},
   eprint = {astro-ph/0306125},
 keywords = {Galaxies: Active, Cosmology: Gravitational Lensing, Galaxies: Quasars: Absorption Lines, Galaxies: Quasars: Individual: Alphanumeric: PG 1115+080, Galaxies: Quasars: Individual: Alphanumeric: APM 08279+5255, X-Rays: Galaxies},
     year = 2003,
    month = sep,
   volume = 595,
    pages = {85-93},
      doi = {10.1086/377299},
   adsurl = {http://adsabs.harvard.edu/abs/2003ApJ...595...85C},
  adsnote = {Provided by the SAO/NASA Astrophysics Data System}
}

@ARTICLE{grupe2003,
   author = {{Grupe}, D. and {Mathur}, S. and {Elvis}, M.},
    title = "{XMM-Newton Observations of Two Broad Absorption Line QSOs: Q1246-057 and SBS 1542+541}",
  journal = {\aj},
   eprint = {astro-ph/0305309},
 keywords = {Galaxies: Active, Galaxies: Quasars: General, quasars: individual (Q1246-057), quasars: individual (SBS 1542+541)},
     year = 2003,
    month = sep,
   volume = 126,
    pages = {1159-1166},
      doi = {10.1086/377141},
   adsurl = {http://adsabs.harvard.edu/abs/2003AJ....126.1159G},
  adsnote = {Provided by the SAO/NASA Astrophysics Data System}
}

@INPROCEEDINGS{2003SPIE.4851...28G,
   author = {{Garmire}, G.~P. and {Bautz}, M.~W. and {Ford}, P.~G. and {Nousek}, J.~A. and 
	{Ricker}, Jr., G.~R.},
    title = "{Advanced CCD imaging spectrometer (ACIS) instrument on the Chandra X-ray Observatory}",
booktitle = {X-Ray and Gamma-Ray Telescopes and Instruments for Astronomy.},
     year = 2003,
   series = {\procspie},
   volume = 4851,
   editor = {{Truemper}, J.~E. and {Tananbaum}, H.~D.},
    month = mar,
    pages = {28-44},
      doi = {10.1117/12.461599},
   adsurl = {http://adsabs.harvard.edu/abs/2003SPIE.4851...28G},
  adsnote = {Provided by the SAO/NASA Astrophysics Data System}
}

@ARTICLE{2003ARA&A..41..117C,
   author = {{Crenshaw}, D.~M. and {Kraemer}, S.~B. and {George}, I.~M.},
    title = "{Mass Loss from the Nuclei of Active Galaxies}",
  journal = {\araa},
     year = 2003,
   volume = 41,
    pages = {117-167},
      doi = {10.1146/annurev.astro.41.082801.100328},
   adsurl = {http://adsabs.harvard.edu/abs/2003ARA%26A..41..117C},
  adsnote = {Provided by the SAO/NASA Astrophysics Data System}
}

@ARTICLE{2002ApJ...579..169C,
   author = {{Chartas}, G. and {Brandt}, W.~N. and {Gallagher}, S.~C. and 
	{Garmire}, G.~P.},
    title = "{CHANDRA Detects Relativistic Broad Absorption Lines from APM 08279+5255}",
  journal = {\apj},
   eprint = {astro-ph/0207196},
 keywords = {Galaxies: Active, Cosmology: Gravitational Lensing, Galaxies: Quasars: Absorption Lines, Galaxies: Quasars: Individual: Alphanumeric: APM 08279+5255, X-Rays: Galaxies},
     year = 2002,
    month = nov,
   volume = 579,
    pages = {169-175},
      doi = {10.1086/342744},
   adsurl = {http://adsabs.harvard.edu/abs/2002ApJ...579..169C},
  adsnote = {Provided by the SAO/NASA Astrophysics Data System}
}

@ARTICLE{2002ApJ...578L..31T,
   author = {{Tolea}, A. and {Krolik}, J.~H. and {Tsvetanov}, Z.},
    title = "{Broad Absorption Line Quasars in the Early Data Release from the Sloan Digital Sky Survey}",
  journal = {\apjl},
   eprint = {astro-ph/0209081},
 keywords = {Galaxies: Active, Galaxies: Quasars: Absorption Lines},
     year = 2002,
    month = oct,
   volume = 578,
    pages = {L31-L35},
      doi = {10.1086/344563},
   adsurl = {http://adsabs.harvard.edu/abs/2002ApJ...578L..31T},
  adsnote = {Provided by the SAO/NASA Astrophysics Data System}
}

@ARTICLE{gallagher2002,
   author = {{Gallagher}, S.~C. and {Brandt}, W.~N. and {Chartas}, G. and 
	{Garmire}, G.~P.},
    title = "{X-Ray Spectroscopy of Quasi-Stellar Objects with Broad Ultraviolet Absorption Lines}",
  journal = {\apj},
   eprint = {astro-ph/0110579},
 keywords = {Galaxies: Active, Galaxies: Quasars: Absorption Lines, X-Rays: Galaxies},
     year = 2002,
    month = mar,
   volume = 567,
    pages = {37-41},
      doi = {10.1086/338485},
   adsurl = {http://adsabs.harvard.edu/abs/2002ApJ...567...37G},
  adsnote = {Provided by the SAO/NASA Astrophysics Data System}
}

@ARTICLE{2002PASP..114....1W,
   author = {{Weisskopf}, M.~C. and {Brinkman}, B. and {Canizares}, C. and 
	{Garmire}, G. and {Murray}, S. and {Van Speybroeck}, L.~P.},
    title = "{An Overview of the Performance and Scientific Results from the Chandra X-Ray Observatory}",
  journal = {\pasp},
   eprint = {astro-ph/0110308},
 keywords = {Space Vehicles: Instrumentation, Instrumentation: Detectors, Instrumentation: Spectrographs, X-rays: general},
     year = 2002,
    month = jan,
   volume = 114,
    pages = {1-24},
      doi = {10.1086/338108},
   adsurl = {http://adsabs.harvard.edu/abs/2002PASP..114....1W},
  adsnote = {Provided by the SAO/NASA Astrophysics Data System}
}

@ARTICLE{sabra2001,
   author = {{Sabra}, B.~M. and {Hamann}, F.},
    title = "{PG 1254+047: An Intrinsically X-Ray Weak, Heavily Absorbed Broad Absorption Line Quasar?}",
  journal = {\apj},
 keywords = {Galaxies: Active, Galaxies: Quasars: Absorption Lines, Galaxies: Quasars: Individual: Alphanumeric: PG 1254+047, X-Rays: Galaxies},
     year = 2001,
    month = dec,
   volume = 563,
    pages = {555-559},
      doi = {10.1086/324043},
   adsurl = {http://adsabs.harvard.edu/abs/2001ApJ...563..555S},
  adsnote = {Provided by the SAO/NASA Astrophysics Data System}
}

@ARTICLE{2001ApJ...558..119C,
   author = {{Chartas}, G. and {Dai}, X. and {Gallagher}, S.~C. and {Garmire}, G.~P. and 
	{Bautz}, M.~W. and {Schechter}, P.~L. and {Morgan}, N.~D.},
    title = "{Chandra Detects a Rapid Flare in the Gravitationally Lensed Mini-Broad Absorption Line QSO RX J0911.4+0551}",
  journal = {\apj},
   eprint = {astro-ph/0104453},
 keywords = {Cosmology: Gravitational Lensing, Galaxies: Quasars: Absorption Lines, Galaxies: Quasars: Individual: Alphanumeric: RX J0911.4+0551, X-Rays: General, X-Rays: Individual: Alphanumeric: RX J0911.4+0551},
     year = 2001,
    month = sep,
   volume = 558,
    pages = {119-126},
      doi = {10.1086/322453},
   adsurl = {http://adsabs.harvard.edu/abs/2001ApJ...558..119C},
  adsnote = {Provided by the SAO/NASA Astrophysics Data System}
}


@INPROCEEDINGS{2001ASPC..251..576M,
   author = {{Mori}, K. and {Tsunemi}, H. and {Miyata}, E. and {Baluta}, C.~J. and 
	{Burrows}, D.~N. and {Garmire}, G.~P. and {Chartas}, G.},
    title = "{Improvement of the Chandra ACIS Spatial Resolution by Selecting the Split Pixel Events}",
booktitle = {New Century of X-ray Astronomy},
     year = 2001,
   series = {Astronomical Society of the Pacific Conference Series},
   volume = 251,
   editor = {{Inoue}, H. and {Kunieda}, H.},
    pages = {576},
   adsurl = {http://adsabs.harvard.edu/abs/2001ASPC..251..576M},
  adsnote = {Provided by the SAO/NASA Astrophysics Data System}
}

@ARTICLE{2000MNRAS.316..234R,
   author = {{Reeves}, J.~N. and {Turner}, M.~J.~L.},
    title = "{X-ray spectra of a large sample of quasars with ASCA}",
  journal = {\mnras},
   eprint = {astro-ph/0003080},
 keywords = {SURVEYS, GALAXIES: ACTIVE, QUASARS: GENERAL, X-RAYS: GENERAL},
     year = 2000,
    month = aug,
   volume = 316,
    pages = {234-248},
      doi = {10.1046/j.1365-8711.2000.03510.x},
   adsurl = {http://adsabs.harvard.edu/abs/2000MNRAS.316..234R},
  adsnote = {Provided by the SAO/NASA Astrophysics Data System}
}

@ARTICLE{2000ApJ...538...72B,
   author = {{Becker}, R.~H. and {White}, R.~L. and {Gregg}, M.~D. and {Brotherton}, M.~S. and 
	{Laurent-Muehleisen}, S.~A. and {Arav}, N.},
    title = "{Properties of Radio-selected Broad Absorption Line Quasars from the First Bright Quasar Survey}",
  journal = {\apj},
   eprint = {astro-ph/0002470},
 keywords = {Galaxies: Quasars: Absorption Lines, Galaxies: Quasars: General, Radio Continuum: General, Surveys},
     year = 2000,
    month = jul,
   volume = 538,
    pages = {72-82},
      doi = {10.1086/309099},
   adsurl = {http://adsabs.harvard.edu/abs/2000ApJ...538...72B},
  adsnote = {Provided by the SAO/NASA Astrophysics Data System}
}

@ARTICLE{ogle1999,
   author = {{Ogle}, P.~M. and {Cohen}, M.~H. and {Miller}, J.~S. and {Tran}, H.~D. and 
	{Goodrich}, R.~W. and {Martel}, A.~R.},
    title = "{Polarization of Broad Absorption Line QSOS. I. A Spectropolarimetric Atlas}",
  journal = {\apjs},
   eprint = {astro-ph/9905299},
 keywords = {ATLASES, POLARIZATION, GALAXIES: QUASARS: ABSORPTION LINES, GALAXIES: QUASARS: GENERAL, TECHNIQUES: POLARIMETRIC, Atlases, Polarization, Galaxies: Quasars: Absorption Lines, Galaxies: Quasars: General, Techniques: Polarimetric},
     year = 1999,
    month = nov,
   volume = 125,
    pages = {1-34},
      doi = {10.1086/313272},
   adsurl = {http://adsabs.harvard.edu/abs/1999ApJS..125....1O},
  adsnote = {Provided by the SAO/NASA Astrophysics Data System}
}


@ARTICLE{1995MNRAS.273..837M,
   author = {{Magdziarz}, P. and {Zdziarski}, A.~A.},
    title = "{Angle-dependent Compton reflection of X-rays and gamma-rays}",
  journal = {\mnras},
 keywords = {RADIATION MECHANISMS: NONTHERMAL, SCATTERING, GALAXIES: SEYFERT, X-RAYS: GENERAL, GAMMA-RAYS: THEORY},
     year = 1995,
    month = apr,
   volume = 273,
    pages = {837-848},
      doi = {10.1093/mnras/273.3.837},
   adsurl = {http://adsabs.harvard.edu/abs/1995MNRAS.273..837M},
  adsnote = {Provided by the SAO/NASA Astrophysics Data System}
}

@ARTICLE{zubovas2013,
   author = {{Zubovas}, K. and {King}, A.},
    title = "{BAL QSOs and Extreme UFOs: The Eddington Connection}",
  journal = {\apj},
archivePrefix = "arXiv",
   eprint = {1304.1691},
 keywords = {accretion, accretion disks, black hole physics, galaxies: evolution, quasars: general },
     year = 2013,
    month = may,
   volume = 769,
      eid = {51},
    pages = {51},
      doi = {10.1088/0004-637X/769/1/51},
   adsurl = {http://adsabs.harvard.edu/abs/2013ApJ...769...51Z},
  adsnote = {Provided by the SAO/NASA Astrophysics Data System}
}



@ARTICLE{boroson1992,
   author = {{Boroson}, T.~A. and {Meyers}, K.~A.},
    title = "{The optical properties of IR-selected and MG II broad absorption line quasars}",
  journal = {\apj},
 keywords = {Absorption Spectra, Active Galactic Nuclei, Infrared Radiation, Magnesium, Optical Properties, Quasars, Astronomical Spectroscopy, Emission Spectra, H Alpha Line, Spectral Line Width},
     year = 1992,
    month = oct,
   volume = 397,
    pages = {442-451},
      doi = {10.1086/171800},
   adsurl = {http://adsabs.harvard.edu/abs/1992ApJ...397..442B},
  adsnote = {Provided by the SAO/NASA Astrophysics Data System}
}

@ARTICLE{1992ApJ...395..275D,
   author = {{Done}, C. and {Mulchaey}, J.~S. and {Mushotzky}, R.~F. and 
	{Arnaud}, K.~A.},
    title = "{An ionized accretion disk in Cygnus X-1}",
  journal = {\apj},
 keywords = {Accretion Disks, Active Galactic Nuclei, Cygnus Constellation, X Ray Binaries, X Ray Spectra, Exosat Satellite, Heao 1, Maximum Likelihood Estimates, X Ray Stars},
     year = 1992,
    month = aug,
   volume = 395,
    pages = {275-288},
      doi = {10.1086/171649},
   adsurl = {http://adsabs.harvard.edu/abs/1992ApJ...395..275D},
  adsnote = {Provided by the SAO/NASA Astrophysics Data System}
}


@ARTICLE{sprayberry1992,
   author = {{Sprayberry}, D. and {Foltz}, C.~B.},
    title = "{Extinction in low-ionization broad absorption line quasi-stellar objects}",
  journal = {\apj},
 keywords = {Cosmic Dust, Interstellar Extinction, Quasars, Spectral Line Width, Stellar Spectra, Absorption Spectra, Line Spectra, Lyman Alpha Radiation, Spectrum Analysis},
     year = 1992,
    month = may,
   volume = 390,
    pages = {39-45},
      doi = {10.1086/171257},
   adsurl = {http://adsabs.harvard.edu/abs/1992ApJ...390...39S},
  adsnote = {Provided by the SAO/NASA Astrophysics Data System}
}


@ARTICLE{surdej1987,
   author = {{Surdej}, J. and {Hutsemekers}, D.},
    title = "{Geometry of the mass-outflows around broad absorption line QSOs and formation of the complex Ly-alpha + N V line profile}",
  journal = {\aap},
 keywords = {Absorption Spectra, Lyman Alpha Radiation, Quasars, Stellar Mass Ejection, Emission Spectra, Line Spectra, Nitrogen},
     year = 1987,
    month = may,
   volume = 177,
    pages = {42-50},
   adsurl = {http://adsabs.harvard.edu/abs/1987A%26A...177...42S},
  adsnote = {Provided by the SAO/NASA Astrophysics Data System}
}

@ARTICLE{hazard1984,
   author = {{Hazard}, C. and {Morton}, D.~C. and {Terlevich}, R. and {McMahon}, R.
	},
    title = "{Nine new quasi-stellar objects with broad absorption lines}",
  journal = {\apj},
 keywords = {Absorption Spectra, Astronomical Spectroscopy, Quasars, Emission Spectra, Red Shift, Spectrum Analysis},
     year = 1984,
    month = jul,
   volume = 282,
    pages = {33-52},
      doi = {10.1086/162174},
   adsurl = {http://adsabs.harvard.edu/abs/1984ApJ...282...33H},
  adsnote = {Provided by the SAO/NASA Astrophysics Data System}
}

@ARTICLE{1983ApJ...270..119M,
   author = {{Morrison}, R. and {McCammon}, D.},
    title = "{Interstellar photoelectric absorption cross sections, 0.03-10 keV}",
  journal = {\apj},
 keywords = {Absorption Cross Sections, Cosmic Dust, Interstellar Chemistry, Interstellar Matter, X Ray Astronomy, Abundance, Electrophotometry, Ionization, Molecules},
     year = 1983,
    month = jul,
   volume = 270,
    pages = {119-122},
      doi = {10.1086/161102},
   adsurl = {http://adsabs.harvard.edu/abs/1983ApJ...270..119M},
  adsnote = {Provided by the SAO/NASA Astrophysics Data System}
}

