@ARTICLE{arevalo2006,
   author = {{Ar{\'e}valo}, P. and {Uttley}, P.},
    title = "{Investigating a fluctuating-accretion model for the spectral-timing properties of accreting black hole systems}",
  journal = {\mnras},
   eprint = {astro-ph/0512394},
 keywords = {accretion, accretion discs, galaxies: active},
     year = 2006,
    month = apr,
   volume = 367,
    pages = {801-814},
      doi = {10.1111/j.1365-2966.2006.09989.x},
   adsurl = {http://adsabs.harvard.edu/abs/2006MNRAS.367..801A},
  adsnote = {Provided by the SAO/NASA Astrophysics Data System}
}

@ARTICLE{kotov2001,
   author = {{Kotov}, O. and {Churazov}, E. and {Gilfanov}, M.},
    title = "{On the X-ray time-lags in the black hole candidates}",
  journal = {\mnras},
   eprint = {astro-ph/0103115},
 keywords = {ACCRETION, ACCRETION DISCS, STARS: INDIVIDUAL: CYGNUS X-1, X-RAYS: GENERAL, X-RAYS: STARS},
     year = 2001,
    month = nov,
   volume = 327,
    pages = {799-807},
      doi = {10.1046/j.1365-8711.2001.04769.x},
   adsurl = {http://adsabs.harvard.edu/abs/2001MNRAS.327..799K},
  adsnote = {Provided by the SAO/NASA Astrophysics Data System}
}

@ARTICLE{lyubarskii1997,
   author = {{Lyubarskii}, Y.~E.},
    title = "{Flicker noise in accretion discs}",
  journal = {\mnras},
 keywords = {Accretion Disks, Noise Measurement, Mass Transfer, Luminosity, X Ray Sources, Computational Astrophysics, Radial Distribution},
     year = 1997,
    month = dec,
   volume = 292,
    pages = {679},
      doi = {10.1093/mnras/292.3.679},
   adsurl = {http://adsabs.harvard.edu/abs/1997MNRAS.292..679L},
  adsnote = {Provided by the SAO/NASA Astrophysics Data System}
}

@ARTICLE{hogg2015,
   author = {{Hogg}, J.~D. and {Reynolds}, C.},
    title = "{Testing the Propagating Fluctuations Model with a Long, Global Accretion Disk Simulation}",
  journal = {ArXiv e-prints},
archivePrefix = "arXiv",
   eprint = {1512.05350},
 primaryClass = "astro-ph.HE",
 keywords = {Astrophysics - High Energy Astrophysical Phenomena, Astrophysics - Astrophysics of Galaxies},
     year = 2015,
    month = dec,
   adsurl = {http://adsabs.harvard.edu/abs/2015arXiv151205350H},
  adsnote = {Provided by the SAO/NASA Astrophysics Data System}
}



@ARTICLE{hessman1984,
   author = {{Hessman}, F.~V. and {Robinson}, E.~L. and {Nather}, R.~E. and 
	{Zhang}, E.-H.},
    title = "{Time-resolved spectroscopy of SS Cygni at minimum and maximum light}",
  journal = {\apj},
 keywords = {Absorption Spectra, Balmer Series, Binary Stars, Dwarf Novae, Light Curve, Stellar Spectrophotometry, Cygnus Constellation, H Beta Line, Late Stars, Radial Velocity, Stellar Mass Accretion},
     year = 1984,
    month = nov,
   volume = 286,
    pages = {747-759},
      doi = {10.1086/162651},
   adsurl = {http://adsabs.harvard.edu/abs/1984ApJ...286..747H},
  adsnote = {Provided by the SAO/NASA Astrophysics Data System}
}

@ARTICLE{coppejans2015,
   author = {{Coppejans}, D.~L. and {K{\"o}rding}, E.~G. and {Miller-Jones}, J.~C.~A. and 
	{Rupen}, M.~P. and {Knigge}, C. and {Sivakoff}, G.~R. and {Groot}, P.~J.
	},
    title = "{Novalike cataclysmic variables are significant radio emitters}",
  journal = {\mnras},
archivePrefix = "arXiv",
   eprint = {1506.00003},
 primaryClass = "astro-ph.SR",
 keywords = {accretion, accretion discs, radiation mechanisms: general, novae, cataclysmic variables, white dwarfs, stars: winds, outflows, radio continuum: stars},
     year = 2015,
    month = aug,
   volume = 451,
    pages = {3801-3813},
      doi = {10.1093/mnras/stv1225},
   adsurl = {http://adsabs.harvard.edu/abs/2015MNRAS.451.3801C},
  adsnote = {Provided by the SAO/NASA Astrophysics Data System}
}

Query Results from the ADS Database


@ARTICLE{millerjones2013,
   author = {{Miller-Jones}, J.~C.~A. and {Sivakoff}, G.~R. and {Knigge}, C. and 
	{K{\"o}rding}, E.~G. and {Templeton}, M. and {Waagen}, E.~O.
	},
    title = "{An Accurate Geometric Distance to the Compact Binary SS Cygni Vindicates Accretion Disc Theory}",
  journal = {Science},
archivePrefix = "arXiv",
   eprint = {1305.5846},
 primaryClass = "astro-ph.HE",
     year = 2013,
    month = may,
   volume = 340,
    pages = {950-952},
      doi = {10.1126/science.1237145},
   adsurl = {http://adsabs.harvard.edu/abs/2013Sci...340..950M},
  adsnote = {Provided by the SAO/NASA Astrophysics Data System}
}

@ARTICLE{kording2011,
   author = {{K{\"o}rding}, E.~G. and {Knigge}, C. and {Tzioumis}, T. and 
	{Fender}, R.},
    title = "{Detection of radio emission from a nova-like cataclysmic variable: evidence of jets?}",
  journal = {\mnras},
 keywords = {novae, cataclysmic variables, ISM: jets and outflows, radio continuum: stars},
     year = 2011,
    month = nov,
   volume = 418,
    pages = {L129-L132},
      doi = {10.1111/j.1745-3933.2011.01158.x},
   adsurl = {http://adsabs.harvard.edu/abs/2011MNRAS.418L.129K},
  adsnote = {Provided by the SAO/NASA Astrophysics Data System}
}

@INPROCEEDINGS{millerjones2011,
   author = {{Miller-Jones}, J.~C.~A. and {Sivakoff}, G.~R. and {Altamirano}, D. and 
	{K{\"o}rding}, E.~G. and {Krimm}, H.~A. and {Maitra}, D. and 
	{Remillard}, R.~A. and {Russell}, D.~M. and {Tudose}, V. and 
	{Dhawan}, V. and {Fender}, R.~P. and {Heinz}, S. and {Markoff}, S. and 
	{Migliari}, S. and {Rupen}, M.~P. and {Sarazin}, C.~L.},
    title = "{Investigating accretion disk - radio jet coupling across the stellar mass scale}",
 keywords = {accretion, accretion disks, black hole physics, stars: white dwarfs, stars: neutron, ISM: jets and outflows, radio continuum: stars, X-rays: binaries},
booktitle = {Jets at All Scales},
     year = 2011,
   series = {IAU Symposium},
   volume = 275,
archivePrefix = "arXiv",
   eprint = {1010.3062},
 primaryClass = "astro-ph.HE",
   editor = {{Romero}, G.~E. and {Sunyaev}, R.~A. and {Belloni}, T.},
    month = feb,
    pages = {224-232},
      doi = {10.1017/S1743921310016078},
   adsurl = {http://adsabs.harvard.edu/abs/2011IAUS..275..224M},
  adsnote = {Provided by the SAO/NASA Astrophysics Data System}
}

@ARTICLE{fender2004,
   author = {{Fender}, R.~P. and {Belloni}, T.~M. and {Gallo}, E.},
    title = "{Towards a unified model for black hole X-ray binary jets}",
  journal = {\mnras},
   eprint = {astro-ph/0409360},
 keywords = {accretion, accretion discs, black hole physics, ISM: jets and outflows, X-rays: binaries},
     year = 2004,
    month = dec,
   volume = 355,
    pages = {1105-1118},
      doi = {10.1111/j.1365-2966.2004.08384.x},
   adsurl = {http://adsabs.harvard.edu/abs/2004MNRAS.355.1105F},
  adsnote = {Provided by the SAO/NASA Astrophysics Data System}
}

@ARTICLE{fender2001,
   author = {{Fender}, R.~P.},
    title = "{Powerful jets from black hole X-ray binaries in low/hard X-ray states}",
  journal = {\mnras},
   eprint = {astro-ph/0008447},
 keywords = {BLACK HOLE PHYSICS, BINARIES: CLOSE, ISM: JETS AND OUTFLOWS, RADIO CONTINUUM: STARS, X-RAYS: STARS},
     year = 2001,
    month = mar,
   volume = 322,
    pages = {31-42},
      doi = {10.1046/j.1365-8711.2001.04080.x},
   adsurl = {http://adsabs.harvard.edu/abs/2001MNRAS.322...31F},
  adsnote = {Provided by the SAO/NASA Astrophysics Data System}
}

@ARTICLE{1989A&A...218..137B,
   author = {{Benz}, A.~O. and {Guedel}, M.},
    title = "{VLA detection of radio emission from a dwarf nova}",
  journal = {\aap},
 keywords = {Cataclysmic Variables, Dwarf Novae, Radio Emission, Stellar Radiation, Very Large Array (Vla), Circular Polarization, Eclipsing Binary Stars, Masers, Nonthermal Radiation, Stellar Magnetic Fields},
     year = 1989,
    month = jul,
   volume = 218,
    pages = {137-140},
   adsurl = {http://adsabs.harvard.edu/abs/1989A%26A...218..137B},
  adsnote = {Provided by the SAO/NASA Astrophysics Data System}
}

@ARTICLE{1986A&A...154..377F,
   author = {{Fuerst}, E. and {Benz}, A. and {Hirth}, W. and {Kiplinger}, A. and 
	{Geffert}, M.},
    title = "{Radio emission of cataclysmic variable stars}",
  journal = {\aap},
 keywords = {Cataclysmic Variables, Radio Emission, Stellar Radiation, Bremsstrahlung, Magnetic Fields, Optical Thickness, Relativistic Electron Beams, Very Large Array (Vla)},
     year = 1986,
    month = jan,
   volume = 154,
    pages = {377},
   adsurl = {http://adsabs.harvard.edu/abs/1986A%26A...154..377F},
  adsnote = {Provided by the SAO/NASA Astrophysics Data System}
}

@ARTICLE{benz1983,
   author = {{Benz}, A.~O. and {Fuerst}, E. and {Kiplinger}, A.~L.},
    title = "{First detection of radio emission from a dwarf nova}",
  journal = {\nat},
 keywords = {Dwarf Novae, Radio Astronomy, Radio Emission, Flux (Rate), Masers, Synchrotron Radiation},
     year = 1983,
    month = mar,
   volume = 302,
    pages = {45},
      doi = {10.1038/302045a0},
   adsurl = {http://adsabs.harvard.edu/abs/1983Natur.302...45B},
  adsnote = {Provided by the SAO/NASA Astrophysics Data System}
}

