Brother
@ARTICLE{2013RMxAA..49..137F,
   author = {{Ferland}, G.~J. and {Porter}, R.~L. and {van Hoof}, P.~A.~M. and 
	{Williams}, R.~J.~R. and {Abel}, N.~P. and {Lykins}, M.~L. and 
	{Shaw}, G. and {Henney}, W.~J. and {Stancil}, P.~C.},
    title = "{The 2013 Release of Cloudy}",
  journal = {\rmxaa},
archivePrefix = "arXiv",
   eprint = {1302.4485},
 primaryClass = "astro-ph.GA",
 keywords = {atomic processes, galaxies: active, methods: numerical, molecular processes, radiation mechanisms: general},
     year = 2013,
    month = apr,
   volume = 49,
    pages = {137-163},
   adsurl = {http://adsabs.harvard.edu/abs/2013RMxAA..49..137F},
  adsnote = {Provided by the SAO/NASA Astrophysics Data System}
}



@ARTICLE{2013ApJ...764..160G,
   author = {{Guerras}, E. and {Mediavilla}, E. and {Jimenez-Vicente}, J. and 
	{Kochanek}, C.~S. and {Mu{\~n}oz}, J.~A. and {Falco}, E. and 
	{Motta}, V.},
    title = "{Microlensing of Quasar Broad Emission Lines: Constraints on Broad Line Region Size}",
  journal = {\apj},
archivePrefix = "arXiv",
   eprint = {1207.2042},
 keywords = {gravitational lensing: micro, quasars: emission lines},
     year = 2013,
    month = feb,
   volume = 764,
      eid = {160},
    pages = {160},
      doi = {10.1088/0004-637X/764/2/160},
   adsurl = {http://adsabs.harvard.edu/abs/2013ApJ...764..160G},
  adsnote = {Provided by the SAO/NASA Astrophysics Data System}
}

@ARTICLE{2013ApJ...762..103K,
   author = {{King}, A.~L. and {Miller}, J.~M. and {Raymond}, J. and {Fabian}, A.~C. and 
	{Reynolds}, C.~S. and {G{\"u}ltekin}, K. and {Cackett}, E.~M. and 
	{Allen}, S.~W. and {Proga}, D. and {Kallman}, T.~R.},
    title = "{Regulation of Black Hole Winds and Jets across the Mass Scale}",
  journal = {\apj},
archivePrefix = "arXiv",
   eprint = {1205.4222},
 primaryClass = "astro-ph.HE",
 keywords = {accretion, accretion disks, black hole physics, galaxies: active, galaxies: jets},
     year = 2013,
    month = jan,
   volume = 762,
      eid = {103},
    pages = {103},
      doi = {10.1088/0004-637X/762/2/103},
   adsurl = {http://adsabs.harvard.edu/abs/2013ApJ...762..103K},
  adsnote = {Provided by the SAO/NASA Astrophysics Data System}
}

@ARTICLE{2012ApJ...758...70G,
   author = {{Giustini}, M. and {Proga}, D.},
    title = "{On the Diversity and Complexity of Absorption Line Profiles Produced by Outflows in Active Galactic Nuclei}",
  journal = {\apj},
archivePrefix = "arXiv",
   eprint = {1208.6044},
 keywords = {accretion, accretion disks, black hole physics, line: formation, line: profiles},
     year = 2012,
    month = oct,
   volume = 758,
      eid = {70},
    pages = {70},
      doi = {10.1088/0004-637X/758/1/70},
   adsurl = {http://adsabs.harvard.edu/abs/2012ApJ...758...70G},
  adsnote = {Provided by the SAO/NASA Astrophysics Data System}
}

@ARTICLE{2012ARA&A..50..455F,
   author = {{Fabian}, A.~C.},
    title = "{Observational Evidence of Active Galactic Nuclei Feedback}",
  journal = {\araa},
archivePrefix = "arXiv",
   eprint = {1204.4114},
     year = 2012,
    month = sep,
   volume = 50,
    pages = {455-489},
      doi = {10.1146/annurev-astro-081811-125521},
   adsurl = {http://adsabs.harvard.edu/abs/2012ARA%26A..50..455F},
  adsnote = {Provided by the SAO/NASA Astrophysics Data System}
}



@ARTICLE{2012MNRAS.422L..11P,
   author = {{Ponti}, G. and {Fender}, R.~P. and {Begelman}, M.~C. and {Dunn}, R.~J.~H. and 
	{Neilsen}, J. and {Coriat}, M.},
    title = "{Ubiquitous equatorial accretion disc winds in black hole soft states}",
  journal = {\mnras},
archivePrefix = "arXiv",
   eprint = {1201.4172},
 primaryClass = "astro-ph.HE",
 keywords = {accretion, accretion disc, blackhole physics, methods: observational, techniques: spectroscopic, quasars: absorption lines, X-rays: binaries},
     year = 2012,
    month = may,
   volume = 422,
    pages = {L11},
      doi = {10.1111/j.1745-3933.2012.01224.x},
   adsurl = {http://adsabs.harvard.edu/abs/2012MNRAS.422L..11P},
  adsnote = {Provided by the SAO/NASA Astrophysics Data System}
}

@ARTICLE{2012MNRAS.420.1848D,
   author = {{Done}, C. and {Davis}, S.~W. and {Jin}, C. and {Blaes}, O. and 
	{Ward}, M.},
    title = "{Intrinsic disc emission and the soft X-ray excess in active galactic nuclei}",
  journal = {\mnras},
archivePrefix = "arXiv",
   eprint = {1107.5429},
 primaryClass = "astro-ph.HE",
 keywords = {accretion, accretion discs, black hole physics, galaxies: active},
     year = 2012,
    month = mar,
   volume = 420,
    pages = {1848-1860},
      doi = {10.1111/j.1365-2966.2011.19779.x},
   adsurl = {http://adsabs.harvard.edu/abs/2012MNRAS.420.1848D},
  adsnote = {Provided by the SAO/NASA Astrophysics Data System}
}

@ARTICLE{landi2012,
   author = {{Landi}, E. and {Del Zanna}, G. and {Young}, P.~R. and {Dere}, K.~P. and 
	{Mason}, H.~E.},
    title = "{CHIANTI{\mdash}An Atomic Database for Emission Lines. XII. Version 7 of the Database}",
  journal = {\apj},
 keywords = {atomic data, atomic processes, Sun: UV radiation, Sun: X-rays, gamma rays, ultraviolet: general, X-rays: general},
     year = 2012,
    month = jan,
   volume = 744,
      eid = {99},
    pages = {99},
      doi = {10.1088/0004-637X/744/2/99},
   adsurl = {http://adsabs.harvard.edu/abs/2012ApJ...744...99L},
  adsnote = {Provided by the SAO/NASA Astrophysics Data System}
}

@ARTICLE{2011MNRAS.418L.129K,
   author = {{K{\"o}rding}, E.~G. and {Knigge}, C. and {Tzioumis}, T. and 
	{Fender}, R.},
    title = "{Detection of radio emission from a nova-like cataclysmic variable: evidence of jets?}",
  journal = {\mnras},
 keywords = {novae, cataclysmic variables, ISM: jets and outflows, radio continuum: stars},
     year = 2011,
    month = nov,
   volume = 418,
    pages = {L129-L132},
      doi = {10.1111/j.1745-3933.2011.01158.x},
   adsurl = {http://adsabs.harvard.edu/abs/2011MNRAS.418L.129K},
  adsnote = {Provided by the SAO/NASA Astrophysics Data System}
}



@ARTICLE{2011MNRAS.410..860A,
   author = {{Allen}, J.~T. and {Hewett}, P.~C. and {Maddox}, N. and {Richards}, G.~T. and 
	{Belokurov}, V.},
    title = "{A strong redshift dependence of the broad absorption line quasar fraction}",
  journal = {\mnras},
archivePrefix = "arXiv",
   eprint = {1007.3991},
 keywords = {methods: data analysis, galaxies: active, galaxies: nuclei, quasars: absorption lines, galaxies: statistics},
     year = 2011,
    month = jan,
   volume = 410,
    pages = {860-884},
      doi = {10.1111/j.1365-2966.2010.17489.x},
   adsurl = {http://adsabs.harvard.edu/abs/2011MNRAS.410..860A},
  adsnote = {Provided by the SAO/NASA Astrophysics Data System}
}

@ARTICLE{simonhamann2010,
   author = {{Simon}, L.~E. and {Hamann}, F.},
    title = "{The origins of a rich absorption line complex in a quasar at redshift 3.45}",
  journal = {\mnras},
archivePrefix = "arXiv",
   eprint = {1007.2017},
 keywords = {galaxies: evolution, quasars: absorption lines, quasars: general, quasars: individual},
     year = 2010,
    month = nov,
   volume = 409,
    pages = {269-283},
      doi = {10.1111/j.1365-2966.2010.17306.x},
   adsurl = {http://adsabs.harvard.edu/abs/2010MNRAS.409..269S},
  adsnote = {Provided by the SAO/NASA Astrophysics Data System}
}

@ARTICLE{cottis2010,
   author = {{Cottis}, C.~E. and {Goad}, M.~R. and {Knigge}, C. and {Scaringi}, S.
	},
    title = "{Searching for the signature of radiative line driving: on the absence of Ly{$\alpha$}-NV line-locking features in a large sample of BALQSOs}",
  journal = {\mnras},
archivePrefix = "arXiv",
   eprint = {1004.2145},
 keywords = {galaxies: active, quasars: absorption lines, quasars: general},
     year = 2010,
    month = aug,
   volume = 406,
    pages = {2094-2112},
      doi = {10.1111/j.1365-2966.2010.16839.x},
   adsurl = {http://adsabs.harvard.edu/abs/2010MNRAS.406.2094C},
  adsnote = {Provided by the SAO/NASA Astrophysics Data System}
}

@ARTICLE{2010ApJ...719.1932N,
   author = {{Noebauer}, U.~M. and {Long}, K.~S. and {Sim}, S.~A. and {Knigge}, C.
	},
    title = "{The Geometry and Ionization Structure of the Wind in the Eclipsing Nova-like Variables RW Tri and UX UMa}",
  journal = {\apj},
archivePrefix = "arXiv",
   eprint = {1007.0209},
 primaryClass = "astro-ph.SR",
 keywords = {accretion, accretion disks, binaries: close, novae, cataclysmic variables, radiative transfer, stars: individual: RW Tri UX UMa, stars: winds, outflows},
     year = 2010,
    month = aug,
   volume = 719,
    pages = {1932-1945},
      doi = {10.1088/0004-637X/719/2/1932},
   adsurl = {http://adsabs.harvard.edu/abs/2010ApJ...719.1932N},
  adsnote = {Provided by the SAO/NASA Astrophysics Data System}
}

@ARTICLE{2010A&A...515A..22B,
   author = {{Borguet}, B. and {Hutsem{\'e}kers}, D.},
    title = "{A polar+equatorial wind model for broad absorption line quasars. I. Fitting the C IV BAL profiles}",
  journal = {\aap},
archivePrefix = "arXiv",
   eprint = {1003.2386},
 keywords = {quasars: absorption lines, radiative transfer, methods: numerical},
     year = 2010,
    month = jun,
   volume = 515,
      eid = {A22},
    pages = {A22},
      doi = {10.1051/0004-6361/200913255},
   adsurl = {http://adsabs.harvard.edu/abs/2010A%26A...515A..22B},
  adsnote = {Provided by the SAO/NASA Astrophysics Data System}
}

@ARTICLE{2010MNRAS.404.1369S,
   author = {{Sim}, S.~A. and {Miller}, L. and {Long}, K.~S. and {Turner}, T.~J. and 
	{Reeves}, J.~N.},
    title = "{Multidimensional modelling of X-ray spectra for AGN accretion disc outflows - II}",
  journal = {\mnras},
archivePrefix = "arXiv",
   eprint = {1002.0544},
 primaryClass = "astro-ph.HE",
 keywords = {radiative transfer, methods: numerical, galaxies: active, galaxies: individual: PG1211+143, X-rays: galaxies},
     year = 2010,
    month = may,
   volume = 404,
    pages = {1369-1384},
      doi = {10.1111/j.1365-2966.2010.16396.x},
   adsurl = {http://adsabs.harvard.edu/abs/2010MNRAS.404.1369S},
  adsnote = {Provided by the SAO/NASA Astrophysics Data System}
}

@ARTICLE{2010MNRAS.402.1516K,
   author = {{King}, A.~R.},
    title = "{Black hole outflows}",
  journal = {\mnras},
archivePrefix = "arXiv",
   eprint = {0911.1639},
 keywords = {accretion, accretion discs, black hole physics, galaxies: active, galaxies: formation},
     year = 2010,
    month = mar,
   volume = 402,
    pages = {1516-1522},
      doi = {10.1111/j.1365-2966.2009.16013.x},
   adsurl = {http://adsabs.harvard.edu/abs/2010MNRAS.402.1516K},
  adsnote = {Provided by the SAO/NASA Astrophysics Data System}
}

@ARTICLE{2010MNRAS.401....7H,
   author = {{Hopkins}, P.~F. and {Elvis}, M.},
    title = "{Quasar feedback: more bang for your buck}",
  journal = {\mnras},
archivePrefix = "arXiv",
   eprint = {0904.0649},
 keywords = {galaxies: active, galaxies: evolution, quasars: general, cosmology: theory},
     year = 2010,
    month = jan,
   volume = 401,
    pages = {7-14},
      doi = {10.1111/j.1365-2966.2009.15643.x},
   adsurl = {http://adsabs.harvard.edu/abs/2010MNRAS.401....7H},
  adsnote = {Provided by the SAO/NASA Astrophysics Data System}
}

@ARTICLE{2009ApJ...696..110T,
   author = {{Treister}, E. and {Urry}, C.~M. and {Virani}, S.},
    title = "{The Space Density of Compton-Thick Active Galactic Nucleus and the X-Ray Background}",
  journal = {\apj},
archivePrefix = "arXiv",
   eprint = {0902.0608},
 keywords = {galaxies: active, galaxies: Seyfert, X-rays: diffuse background, X-rays: galaxies},
     year = 2009,
    month = may,
   volume = 696,
    pages = {110-120},
      doi = {10.1088/0004-637X/696/1/110},
   adsurl = {http://adsabs.harvard.edu/abs/2009ApJ...696..110T},
  adsnote = {Provided by the SAO/NASA Astrophysics Data System}
}

@ARTICLE{2009Natur.458..481N,
   author = {{Neilsen}, J. and {Lee}, J.~C.},
    title = "{Accretion disk winds as the jet suppression mechanism in the microquasar GRS 1915+105}",
  journal = {\nat},
     year = 2009,
    month = mar,
   volume = 458,
    pages = {481-484},
      doi = {10.1038/nature07680},
   adsurl = {http://adsabs.harvard.edu/abs/2009Natur.458..481N},
  adsnote = {Provided by the SAO/NASA Astrophysics Data System}
}

@ARTICLE{2009ApJ...694....1S,
   author = {{Schurch}, N.~J. and {Done}, C. and {Proga}, D.},
    title = "{The Impact of Accretion Disk Winds on the X-Ray Spectra of Active Galactic Nuclei. II. Xscort + Hydrodynamic Simulations}",
  journal = {\apj},
archivePrefix = "arXiv",
   eprint = {0810.0884},
 keywords = {accretion, accretion disks, galaxies: active, quasars: general, radiative transfer, X-rays: galaxies},
     year = 2009,
    month = mar,
   volume = 694,
    pages = {1-11},
      doi = {10.1088/0004-637X/694/1/1},
   adsurl = {http://adsabs.harvard.edu/abs/2009ApJ...694....1S},
  adsnote = {Provided by the SAO/NASA Astrophysics Data System}
}

@ARTICLE{2009A&ARv..17...47T,
   author = {{Turner}, T.~J. and {Miller}, L.},
    title = "{X-ray absorption and reflection in active galactic nuclei}",
  journal = {\aapr},
archivePrefix = "arXiv",
   eprint = {0902.0651},
 primaryClass = "astro-ph.HE",
 keywords = {Galaxies: active, X-rays: galaxies},
     year = 2009,
    month = mar,
   volume = 17,
    pages = {47-104},
      doi = {10.1007/s00159-009-0017-1},
   adsurl = {http://adsabs.harvard.edu/abs/2009A%26ARv..17...47T},
  adsnote = {Provided by the SAO/NASA Astrophysics Data System}
}

@ARTICLE{2009ApJ...692..758G,
   author = {{Gibson}, R.~R. and {Jiang}, L. and {Brandt}, W.~N. and {Hall}, P.~B. and 
	{Shen}, Y. and {Wu}, J. and {Anderson}, S.~F. and {Schneider}, D.~P. and 
	{Vanden Berk}, D. and {Gallagher}, S.~C. and {Fan}, X. and {York}, D.~G.
	},
    title = "{A Catalog of Broad Absorption Line Quasars in Sloan Digital Sky Survey Data Release 5}",
  journal = {\apj},
archivePrefix = "arXiv",
   eprint = {0810.2747},
 keywords = {galaxies: active, galaxies: nuclei, quasars: absorption lines, quasars: emission lines, X-rays: general},
     year = 2009,
    month = feb,
   volume = 692,
    pages = {758-777},
      doi = {10.1088/0004-637X/692/1/758},
   adsurl = {http://adsabs.harvard.edu/abs/2009ApJ...692..758G},
  adsnote = {Provided by the SAO/NASA Astrophysics Data System}
}

@ARTICLE{2008A&A...491..425G,
   author = {{Giustini}, M. and {Cappi}, M. and {Vignali}, C.},
    title = "{On the absorption of X-ray bright broad absorption line quasars}",
  journal = {\aap},
archivePrefix = "arXiv",
   eprint = {0809.0832},
 keywords = {X-rays: general, galaxies: active, quasars: absorption lines, quasars: general},
     year = 2008,
    month = nov,
   volume = 491,
    pages = {425-434},
      doi = {10.1051/0004-6361:200810363},
   adsurl = {http://adsabs.harvard.edu/abs/2008A%26A...491..425G},
  adsnote = {Provided by the SAO/NASA Astrophysics Data System}
}

@ARTICLE{2008MNRAS.389.1703X,
   author = {{Xu}, Y. and {Bian}, W.-H. and {Yuan}, Q.-R. and {Huang}, K.-L.
	},
    title = "{The origin and evolution of CIV Baldwin effect in QSOs from the Sloan Digital Sky Survey}",
  journal = {\mnras},
archivePrefix = "arXiv",
   eprint = {0806.1787},
 keywords = {black hole physics , galaxies: active , galaxies: nuclei},
     year = 2008,
    month = oct,
   volume = 389,
    pages = {1703-1708},
      doi = {10.1111/j.1365-2966.2008.13545.x},
   adsurl = {http://adsabs.harvard.edu/abs/2008MNRAS.389.1703X},
  adsnote = {Provided by the SAO/NASA Astrophysics Data System}
}

@ARTICLE{2008MNRAS.388..611S,
   author = {{Sim}, S.~A. and {Long}, K.~S. and {Miller}, L. and {Turner}, T.~J.
	},
    title = "{Multidimensional modelling of X-ray spectra for AGN accretion disc outflows}",
  journal = {\mnras},
archivePrefix = "arXiv",
   eprint = {0805.2251},
 keywords = {radiative transfer , methods: numerical , galaxies: active , X-rays: galaxies},
     year = 2008,
    month = aug,
   volume = 388,
    pages = {611-624},
      doi = {10.1111/j.1365-2966.2008.13466.x},
   adsurl = {http://adsabs.harvard.edu/abs/2008MNRAS.388..611S},
  adsnote = {Provided by the SAO/NASA Astrophysics Data System}
}

@ARTICLE{2008ApJ...681..954A,
   author = {{Arav}, N. and {Moe}, M. and {Costantini}, E. and {Korista}, K.~T. and 
	{Benn}, C. and {Ellison}, S.},
    title = "{Measuring Column Densities in Quasar Outflows: VLT Observations of QSO 2359-1241}",
  journal = {\apj},
archivePrefix = "arXiv",
   eprint = {0807.0228},
 keywords = {galaxies: individual (QSO J2359-1241), Line: Formation, Galaxies: Quasars: Absorption Lines},
     year = 2008,
    month = jul,
   volume = 681,
    pages = {954-964},
      doi = {10.1086/588651},
   adsurl = {http://adsabs.harvard.edu/abs/2008ApJ...681..954A},
  adsnote = {Provided by the SAO/NASA Astrophysics Data System}
}

@ARTICLE{2008MNRAS.386.1426K,
   author = {{Knigge}, C. and {Scaringi}, S. and {Goad}, M.~R. and {Cottis}, C.~E.
	},
    title = "{The intrinsic fraction of broad-absorption line quasars}",
  journal = {\mnras},
archivePrefix = "arXiv",
   eprint = {0802.3697},
 keywords = {methods: statistical , catalogues , surveys , quasars: absorption lines},
     year = 2008,
    month = may,
   volume = 386,
    pages = {1426-1435},
      doi = {10.1111/j.1365-2966.2008.13081.x},
   adsurl = {http://adsabs.harvard.edu/abs/2008MNRAS.386.1426K},
  adsnote = {Provided by the SAO/NASA Astrophysics Data System}
}

@ARTICLE{2008ApJ...672..102G,
   author = {{Ganguly}, R. and {Brotherton}, M.~S.},
    title = "{On the Fraction of Quasars with Outflows}",
  journal = {\apj},
archivePrefix = "arXiv",
   eprint = {0710.0588},
 keywords = {Accretion, Accretion Disks, Galaxies: Active, Galaxies: Quasars: Absorption Lines, Galaxies: Quasars: General},
     year = 2008,
    month = jan,
   volume = 672,
    pages = {102-107},
      doi = {10.1086/524106},
   adsurl = {http://adsabs.harvard.edu/abs/2008ApJ...672..102G},
  adsnote = {Provided by the SAO/NASA Astrophysics Data System}
}

@ARTICLE{2007MNRAS.382.1415S,
   author = {{Schawinski}, K. and {Thomas}, D. and {Sarzi}, M. and {Maraston}, C. and 
	{Kaviraj}, S. and {Joo}, S.-J. and {Yi}, S.~K. and {Silk}, J.
	},
    title = "{Observational evidence for AGN feedback in early-type galaxies}",
  journal = {\mnras},
archivePrefix = "arXiv",
   eprint = {0709.3015},
 keywords = {galaxies: active, galaxies: elliptical and lenticular, cD, galaxies: evolution, galaxies: formation},
     year = 2007,
    month = dec,
   volume = 382,
    pages = {1415-1431},
      doi = {10.1111/j.1365-2966.2007.12487.x},
   adsurl = {http://adsabs.harvard.edu/abs/2007MNRAS.382.1415S},
  adsnote = {Provided by the SAO/NASA Astrophysics Data System}
}

@ARTICLE{2007MNRAS.381.1413S,
   author = {{Schurch}, N.~J. and {Done}, C.},
    title = "{The impact of accretion disc winds on the X-ray spectrum of AGN - I. XSCORT}",
  journal = {\mnras},
archivePrefix = "arXiv",
   eprint = {0706.1885},
 keywords = {accretion, accretion discs, radiative transfer, galaxies: active, quasars: general, galaxies: Seyfert, X-rays: galaxies},
     year = 2007,
    month = nov,
   volume = 381,
    pages = {1413-1425},
      doi = {10.1111/j.1365-2966.2007.12336.x},
   adsurl = {http://adsabs.harvard.edu/abs/2007MNRAS.381.1413S},
  adsnote = {Provided by the SAO/NASA Astrophysics Data System}
}

@ARTICLE{2007ARA&A..45..117M,
   author = {{McNamara}, B.~R. and {Nulsen}, P.~E.~J.},
    title = "{Heating Hot Atmospheres with Active Galactic Nuclei}",
  journal = {\araa},
archivePrefix = "arXiv",
   eprint = {0709.2152},
     year = 2007,
    month = sep,
   volume = 45,
    pages = {117-175},
      doi = {10.1146/annurev.astro.45.051806.110625},
   adsurl = {http://adsabs.harvard.edu/abs/2007ARA%26A..45..117M},
  adsnote = {Provided by the SAO/NASA Astrophysics Data System}
}

@ARTICLE{2007ApJ...665.1004J,
   author = {{Just}, D.~W. and {Brandt}, W.~N. and {Shemmer}, O. and {Steffen}, A.~T. and 
	{Schneider}, D.~P. and {Chartas}, G. and {Garmire}, G.~P.},
    title = "{The X-Ray Properties of the Most Luminous Quasars from the Sloan Digital Sky Survey}",
  journal = {\apj},
archivePrefix = "arXiv",
   eprint = {0705.3059},
 keywords = {Galaxies: Active, Galaxies: Evolution, Galaxies: Nuclei, Methods: Statistical},
     year = 2007,
    month = aug,
   volume = 665,
    pages = {1004-1022},
      doi = {10.1086/519990},
   adsurl = {http://adsabs.harvard.edu/abs/2007ApJ...665.1004J},
  adsnote = {Provided by the SAO/NASA Astrophysics Data System}
}

@ARTICLE{kaspi2007,
   author = {{Kaspi}, S. and {Brandt}, W.~N. and {Maoz}, D. and {Netzer}, H. and 
	{Schneider}, D.~P. and {Shemmer}, O.},
    title = "{Reverberation Mapping of High-Luminosity Quasars: First Results}",
  journal = {\apj},
   eprint = {astro-ph/0612722},
 keywords = {Galaxies: Active, Galaxies: Nuclei, Galaxies: Seyfert, Galaxies: Quasars: General},
     year = 2007,
    month = apr,
   volume = 659,
    pages = {997-1007},
      doi = {10.1086/512094},
   adsurl = {http://adsabs.harvard.edu/abs/2007ApJ...659..997K},
  adsnote = {Provided by the SAO/NASA Astrophysics Data System}
}

@ARTICLE{badnell2006,
   author = {{Badnell}, N.~R.},
    title = "{Radiative Recombination Data for Modeling Dynamic Finite-Density Plasmas}",
  journal = {\apjs},
   eprint = {astro-ph/0604144},
 keywords = {Atomic Data, Atomic Processes, Plasmas},
     year = 2006,
    month = dec,
   volume = 167,
    pages = {334-342},
      doi = {10.1086/508465},
   adsurl = {http://adsabs.harvard.edu/abs/2006ApJS..167..334B},
  adsnote = {Provided by the SAO/NASA Astrophysics Data System}
}

@ARTICLE{brotherton2006,
   author = {{Brotherton}, M.~S. and {De Breuck}, C. and {Schaefer}, J.~J.
	},
    title = "{Spectropolarimetry of PKS 0040-005 and the orientation of broad absorption line quasars}",
  journal = {\mnras},
   eprint = {astro-ph/0608014},
 keywords = {polarization: quasars: individual: PKS 0040-005, polarization, quasars: individual: PKS 0040-005},
     year = 2006,
    month = oct,
   volume = 372,
    pages = {L58-L62},
      doi = {10.1111/j.1745-3933.2006.00226.x},
   adsurl = {http://adsabs.harvard.edu/abs/2006MNRAS.372L..58B},
  adsnote = {Provided by the SAO/NASA Astrophysics Data System}
}

@ARTICLE{ganguly2006,
   author = {{Ganguly}, R. and {Sembach}, K.~R. and {Tripp}, T.~M. and {Savage}, B.~D. and 
	{Wakker}, B.~P.},
    title = "{High-Resolution Absorption Spectroscopy of Multiphase, High-Metallicity Gas Associated with the Luminous Quasar HE 0226-4110}",
  journal = {\apj},
   eprint = {astro-ph/0603492},
 keywords = {Galaxies: Quasars: Absorption Lines, Galaxies: Quasars: Emission Lines, Galaxies: Quasars: Individual: Alphanumeric: HE 0226-4110, Ultraviolet: ISM},
     year = 2006,
    month = jul,
   volume = 645,
    pages = {868-889},
      doi = {10.1086/504395},
   adsurl = {http://adsabs.harvard.edu/abs/2006ApJ...645..868G},
  adsnote = {Provided by the SAO/NASA Astrophysics Data System}
}

@ARTICLE{2006ApJ...639..716Z,
   author = {{Zhou}, H. and {Wang}, T. and {Wang}, H. and {Wang}, J. and 
	{Yuan}, W. and {Lu}, Y.},
    title = "{Polar Outflows in Six Broad Absorption Line Quasars}",
  journal = {\apj},
   eprint = {astro-ph/0510243},
 keywords = {Galaxies: Quasars: Absorption Lines, Galaxies: Quasars: General, Radio Continuum: Galaxies},
     year = 2006,
    month = mar,
   volume = 639,
    pages = {716-723},
      doi = {10.1086/499768},
   adsurl = {http://adsabs.harvard.edu/abs/2006ApJ...639..716Z},
  adsnote = {Provided by the SAO/NASA Astrophysics Data System}
}

@ARTICLE{north2006,
   author = {{North}, M. and {Knigge}, C. and {Goad}, M.},
    title = "{A new sample of broad absorption-line quasars exhibiting the ghost of Lyman {$\alpha$}}",
  journal = {\mnras},
   eprint = {astro-ph/0511133},
 keywords = {stars: winds, outflows, galaxies: active, quasars: absorption lines, quasars: general},
     year = 2006,
    month = feb,
   volume = 365,
    pages = {1057-1066},
      doi = {10.1111/j.1365-2966.2005.09828.x},
   adsurl = {http://adsabs.harvard.edu/abs/2006MNRAS.365.1057N},
  adsnote = {Provided by the SAO/NASA Astrophysics Data System}
}

@ARTICLE{king2005,
   author = {{King}, A.},
    title = "{The AGN-Starburst Connection, Galactic Superwinds, and M$_{BH}$-{$\sigma$}}",
  journal = {\apjl},
   eprint = {astro-ph/0511034},
 keywords = {Accretion, Accretion Disks, Black Hole Physics, Galaxies: Formation, Galaxies: Nuclei, Galaxies: Quasars: General},
     year = 2005,
    month = dec,
   volume = 635,
    pages = {L121-L123},
      doi = {10.1086/499430},
   adsurl = {http://adsabs.harvard.edu/abs/2005ApJ...635L.121K},
  adsnote = {Provided by the SAO/NASA Astrophysics Data System}
}

@ARTICLE{2005MNRAS.363..615S,
   author = {{Sim}, S.~A. and {Drew}, J.~E. and {Long}, K.~S.},
    title = "{Two-dimensional Monte Carlo simulations of HI line formation in massive young stellar object disc winds}",
  journal = {\mnras},
   eprint = {astro-ph/0508103},
 keywords = {radiative transfer, methods: numerical, stars: early-type, stars: winds, outflows},
     year = 2005,
    month = oct,
   volume = 363,
    pages = {615-627},
      doi = {10.1111/j.1365-2966.2005.09472.x},
   adsurl = {http://adsabs.harvard.edu/abs/2005MNRAS.363..615S},
  adsnote = {Provided by the SAO/NASA Astrophysics Data System}
}

@ARTICLE{2005ApJ...629...61K,
   author = {{Kaspi}, S. and {Maoz}, D. and {Netzer}, H. and {Peterson}, B.~M. and 
	{Vestergaard}, M. and {Jannuzi}, B.~T.},
    title = "{The Relationship between Luminosity and Broad-Line Region Size in Active Galactic Nuclei}",
  journal = {\apj},
   eprint = {astro-ph/0504484},
 keywords = {Galaxies: Active, Galaxies: Nuclei, Galaxies: Seyfert, Galaxies: Quasars: General},
     year = 2005,
    month = aug,
   volume = 629,
    pages = {61-71},
      doi = {10.1086/431275},
   adsurl = {http://adsabs.harvard.edu/abs/2005ApJ...629...61K},
  adsnote = {Provided by the SAO/NASA Astrophysics Data System}
}

@ARTICLE{2005Natur.433..604D,
   author = {{Di Matteo}, T. and {Springel}, V. and {Hernquist}, L.},
    title = "{Energy input from quasars regulates the growth and activity of black holes and their host galaxies}",
  journal = {\nat},
   eprint = {astro-ph/0502199},
     year = 2005,
    month = feb,
   volume = 433,
    pages = {604-607},
      doi = {10.1038/nature03335},
   adsurl = {http://adsabs.harvard.edu/abs/2005Natur.433..604D},
  adsnote = {Provided by the SAO/NASA Astrophysics Data System}
}

@ARTICLE{2005MNRAS.356..531S,
   author = {{Sim}, S.~A.},
    title = "{Modelling the X-ray spectra of high-velocity outflows from quasars}",
  journal = {\mnras},
   eprint = {astro-ph/0410090},
 keywords = {radiative transfer, methods: numerical, galaxies: active, quasars: absorption lines, quasars: individual: PG 1211+143, X-rays: galaxies},
     year = 2005,
    month = jan,
   volume = 356,
    pages = {531-544},
      doi = {10.1111/j.1365-2966.2004.08471.x},
   adsurl = {http://adsabs.harvard.edu/abs/2005MNRAS.356..531S},
  adsnote = {Provided by the SAO/NASA Astrophysics Data System}
}

@ARTICLE{2004ApJ...616..688P,
   author = {{Proga}, D. and {Kallman}, T.~R.},
    title = "{Dynamics of Line-driven Disk Winds in Active Galactic Nuclei. II. Effects of Disk Radiation}",
  journal = {\apj},
   eprint = {astro-ph/0408293},
 keywords = {Accretion, Accretion Disks, Galaxies: Active, Galaxies: Nuclei, Methods: Numerical, Galaxies: Quasars: General},
     year = 2004,
    month = dec,
   volume = 616,
    pages = {688-695},
      doi = {10.1086/425117},
   adsurl = {http://adsabs.harvard.edu/abs/2004ApJ...616..688P},
  adsnote = {Provided by the SAO/NASA Astrophysics Data System}
}

@ARTICLE{2003AJ....126.2594R,
   author = {{Reichard}, T.~A. and {Richards}, G.~T. and {Hall}, P.~B. and 
	{Schneider}, D.~P. and {Vanden Berk}, D.~E. and {Fan}, X. and 
	{York}, D.~G. and {Knapp}, G.~R. and {Brinkmann}, J.},
    title = "{Continuum and Emission-Line Properties of Broad Absorption Line Quasars}",
  journal = {\aj},
   eprint = {astro-ph/0308508},
 keywords = {Galaxies: Quasars: Absorption Lines, Galaxies: Quasars: Emission Lines, Galaxies: Quasars: General},
     year = 2003,
    month = dec,
   volume = 126,
    pages = {2594-2607},
      doi = {10.1086/379293},
   adsurl = {http://adsabs.harvard.edu/abs/2003AJ....126.2594R},
  adsnote = {Provided by the SAO/NASA Astrophysics Data System}
}

@ARTICLE{king2003,
   author = {{King}, A.},
    title = "{Black Holes, Galaxy Formation, and the M$_{BH}$-{$\sigma$} Relation}",
  journal = {\apjl},
   eprint = {astro-ph/0308342},
 keywords = {Accretion, Accretion Disks, Black Hole Physics, Galaxies: Formation, Galaxies: Nuclei, Galaxies: Quasars: General},
     year = 2003,
    month = oct,
   volume = 596,
    pages = {L27-L29},
      doi = {10.1086/379143},
   adsurl = {http://adsabs.harvard.edu/abs/2003ApJ...596L..27K},
  adsnote = {Provided by the SAO/NASA Astrophysics Data System}
}

@ARTICLE{2003AJ....125.1784H,
   author = {{Hewett}, P.~C. and {Foltz}, C.~B.},
    title = "{The Frequency and Radio Properties of Broad Absorption Line Quasars}",
  journal = {\aj},
   eprint = {astro-ph/0301191},
 keywords = {Galaxies: Quasars: Absorption Lines, Galaxies: Quasars: General, Radio Continuum, Surveys},
     year = 2003,
    month = apr,
   volume = 125,
    pages = {1784-1794},
      doi = {10.1086/368392},
   adsurl = {http://adsabs.harvard.edu/abs/2003AJ....125.1784H},
  adsnote = {Provided by the SAO/NASA Astrophysics Data System}
}

@ARTICLE{2003ApJ...585..406P,
   author = {{Proga}, D.},
    title = "{Numerical Simulations of Mass Outflows Driven from Accretion Disks by Radiation and Magnetic Forces}",
  journal = {\apj},
   eprint = {astro-ph/0210642},
 keywords = {Accretion, Accretion Disks, Stars: Binaries: Close, Galaxies: Nuclei, Methods: Numerical, Magnetohydrodynamics: MHD},
     year = 2003,
    month = mar,
   volume = 585,
    pages = {406-417},
      doi = {10.1086/345897},
   adsurl = {http://adsabs.harvard.edu/abs/2003ApJ...585..406P},
  adsnote = {Provided by the SAO/NASA Astrophysics Data System}
}

@ARTICLE{2002ApJ...579..725L,
   author = {{Long}, K.~S. and {Knigge}, C.},
    title = "{Modeling the Spectral Signatures of Accretion Disk Winds: A New Monte Carlo Approach}",
  journal = {\apj},
   eprint = {astro-ph/0208011},
 keywords = {Accretion, Accretion Disks, Stars: Binaries: Close, Stars: Novae, Cataclysmic Variables, Stars: Individual: Constellation Name: Z Camelopardalis, Stars: Mass Loss},
     year = 2002,
    month = nov,
   volume = 579,
    pages = {725-740},
      doi = {10.1086/342879},
   adsurl = {http://adsabs.harvard.edu/abs/2002ApJ...579..725L},
  adsnote = {Provided by the SAO/NASA Astrophysics Data System}
}

@ARTICLE{2002MNRAS.335..965Y,
   author = {{Yu}, Q. and {Tremaine}, S.},
    title = "{Observational constraints on growth of massive black holes}",
  journal = {\mnras},
   eprint = {astro-ph/0203082},
 keywords = {black hole physics, galaxies: active, galaxies: evolution, galaxies: nuclei, quasars: general, cosmology: miscellaneous},
     year = 2002,
    month = oct,
   volume = 335,
    pages = {965-976},
      doi = {10.1046/j.1365-8711.2002.05532.x},
   adsurl = {http://adsabs.harvard.edu/abs/2002MNRAS.335..965Y},
  adsnote = {Provided by the SAO/NASA Astrophysics Data System}
}

@ARTICLE{2002ApJ...569..671E,
   author = {{Everett}, J. and {K{\"o}nigl}, A. and {Arav}, N.},
    title = "{Observational Evidence for a Multiphase Outflow in Quasar FIRST J1044+3656}",
  journal = {\apj},
   eprint = {astro-ph/0201268},
 keywords = {Galaxies: Active, Galaxies: Seyfert, Magnetohydrodynamics: MHD, Galaxies: Quasars: Absorption Lines, Galaxies: Quasars: Individual: Alphanumeric: FIRST J104459.5+365505},
     year = 2002,
    month = apr,
   volume = 569,
    pages = {671-675},
      doi = {10.1086/339346},
   adsurl = {http://adsabs.harvard.edu/abs/2002ApJ...569..671E},
  adsnote = {Provided by the SAO/NASA Astrophysics Data System}
}

@ARTICLE{2001ApJ...562L..79B,
   author = {{Blundell}, K.~M. and {Mioduszewski}, A.~J. and {Muxlow}, T.~W.~B. and 
	{Podsiadlowski}, P. and {Rupen}, M.~P.},
    title = "{Images of an Equatorial Outflow in SS 433}",
  journal = {\apjl},
   eprint = {astro-ph/0109504},
 keywords = {Stars: Binaries: Close, Radio Continuum: Stars, Stars: Individual: Alphanumeric: SS 433},
     year = 2001,
    month = nov,
   volume = 562,
    pages = {L79-L82},
      doi = {10.1086/324573},
   adsurl = {http://adsabs.harvard.edu/abs/2001ApJ...562L..79B},
  adsnote = {Provided by the SAO/NASA Astrophysics Data System}
}

@ARTICLE{2001MNRAS.324..757G,
   author = {{Granato}, G.~L. and {Silva}, L. and {Monaco}, P. and {Panuzzo}, P. and 
	{Salucci}, P. and {De Zotti}, G. and {Danese}, L.},
    title = "{Joint formation of QSOs and spheroids: QSOs as clocks of star formation in spheroids}",
  journal = {\mnras},
   eprint = {astro-ph/9911304},
 keywords = {DUST, EXTINCTION, GALAXIES: FORMATION, QUASARS: GENERAL, COSMOLOGY: THEORY, DARK MATTER, INFRARED: GALAXIES},
     year = 2001,
    month = jun,
   volume = 324,
    pages = {757-768},
      doi = {10.1046/j.1365-8711.2001.04369.x},
   adsurl = {http://adsabs.harvard.edu/abs/2001MNRAS.324..757G},
  adsnote = {Provided by the SAO/NASA Astrophysics Data System}
}

@ARTICLE{2000ApJ...545...63E,
   author = {{Elvis}, M.},
    title = "{A Structure for Quasars}",
  journal = {\apj},
   eprint = {astro-ph/0008064},
 keywords = {Galaxies: Quasars: Absorption Lines, Galaxies: Quasars: General},
     year = 2000,
    month = dec,
   volume = 545,
    pages = {63-76},
      doi = {10.1086/317778},
   adsurl = {http://adsabs.harvard.edu/abs/2000ApJ...545...63E},
  adsnote = {Provided by the SAO/NASA Astrophysics Data System}
}

@ARTICLE{2000ApJ...543..686P,
   author = {{Proga}, D. and {Stone}, J.~M. and {Kallman}, T.~R.},
    title = "{Dynamics of Line-driven Disk Winds in Active Galactic Nuclei}",
  journal = {\apj},
   eprint = {astro-ph/0005315},
 keywords = {Accretion, Accretion Disks, Galaxies: Active, Hydrodynamics, Instabilities, Methods: Numerical},
     year = 2000,
    month = nov,
   volume = 543,
    pages = {686-696},
      doi = {10.1086/317154},
   adsurl = {http://adsabs.harvard.edu/abs/2000ApJ...543..686P},
  adsnote = {Provided by the SAO/NASA Astrophysics Data System}
}

@ARTICLE{2000ApJ...538...72B,
   author = {{Becker}, R.~H. and {White}, R.~L. and {Gregg}, M.~D. and {Brotherton}, M.~S. and 
	{Laurent-Muehleisen}, S.~A. and {Arav}, N.},
    title = "{Properties of Radio-selected Broad Absorption Line Quasars from the First Bright Quasar Survey}",
  journal = {\apj},
   eprint = {astro-ph/0002470},
 keywords = {Galaxies: Quasars: Absorption Lines, Galaxies: Quasars: General, Radio Continuum: General, Surveys},
     year = 2000,
    month = jul,
   volume = 538,
    pages = {72-82},
      doi = {10.1086/309099},
   adsurl = {http://adsabs.harvard.edu/abs/2000ApJ...538...72B},
  adsnote = {Provided by the SAO/NASA Astrophysics Data System}
}

@ARTICLE{2000ApJ...533..631K,
   author = {{Kaspi}, S. and {Smith}, P.~S. and {Netzer}, H. and {Maoz}, D. and 
	{Jannuzi}, B.~T. and {Giveon}, U.},
    title = "{Reverberation Measurements for 17 Quasars and the Size-Mass-Luminosity Relations in Active Galactic Nuclei}",
  journal = {\apj},
   eprint = {astro-ph/9911476},
 keywords = {GALAXIES: ACTIVE, GALAXIES: QUASARS: EMISSION LINES, GALAXIES: QUASARS: GENERAL},
     year = 2000,
    month = apr,
   volume = 533,
    pages = {631-649},
      doi = {10.1086/308704},
   adsurl = {http://adsabs.harvard.edu/abs/2000ApJ...533..631K},
  adsnote = {Provided by the SAO/NASA Astrophysics Data System}
}

@ARTICLE{1999ApJS..125....1O,
   author = {{Ogle}, P.~M. and {Cohen}, M.~H. and {Miller}, J.~S. and {Tran}, H.~D. and 
	{Goodrich}, R.~W. and {Martel}, A.~R.},
    title = "{Polarization of Broad Absorption Line QSOS. I. A Spectropolarimetric Atlas}",
  journal = {\apjs},
   eprint = {astro-ph/9905299},
 keywords = {ATLASES, POLARIZATION, GALAXIES: QUASARS: ABSORPTION LINES, GALAXIES: QUASARS: GENERAL, TECHNIQUES: POLARIMETRIC, Atlases, Polarization, Galaxies: Quasars: Absorption Lines, Galaxies: Quasars: General, Techniques: Polarimetric},
     year = 1999,
    month = nov,
   volume = 125,
    pages = {1-34},
      doi = {10.1086/313272},
   adsurl = {http://adsabs.harvard.edu/abs/1999ApJS..125....1O},
  adsnote = {Provided by the SAO/NASA Astrophysics Data System}
}

@ARTICLE{1999MNRAS.309..409K,
   author = {{Knigge}, C.},
    title = "{The effective temperature distribution of steady-state, mass-losing accretion discs}",
  journal = {\mnras},
   eprint = {astro-ph/9906194},
     year = 1999,
    month = oct,
   volume = 309,
    pages = {409-420},
      doi = {10.1046/j.1365-8711.1999.02839.x},
   adsurl = {http://adsabs.harvard.edu/abs/1999MNRAS.309..409K},
  adsnote = {Provided by the SAO/NASA Astrophysics Data System}
}

@ARTICLE{arav1999a,
   author = {{Arav}, N. and {Korista}, K.~T. and {de Kool}, M. and {Junkkarinen}, V.~T. and 
	{Begelman}, M.~C.},
    title = "{Hubble Space Telescope Observations of the Broad Absorption Line QuasarPG 0946+301}",
  journal = {\apj},
   eprint = {astro-ph/9810309},
 keywords = {GALAXIES: QUASARS: ABSORPTION LINES, GALAXIES: QUASARS: INDIVIDUAL: ALPHANUMERIC: PG 0946+301, Galaxies: Quasars: Absorption Lines, Galaxies: Quasars: Individual: Alphanumeric: PG 0946+301},
     year = 1999,
    month = may,
   volume = 516,
    pages = {27-46},
      doi = {10.1086/307073},
   adsurl = {http://adsabs.harvard.edu/abs/1999ApJ...516...27A},
  adsnote = {Provided by the SAO/NASA Astrophysics Data System}
}

@ARTICLE{arav1999b,
   author = {{Arav}, N. and {Becker}, R.~H. and {Laurent-Muehleisen}, S.~A. and 
  {Gregg}, M.~D. and {White}, R.~L. and {Brotherton}, M.~S. and 
  {de Kool}, M.},
    title = "{What Determines the Depth of Broad Absorption Lines? Keck HIRES Observations of BALQSO 1603+3002}",
  journal = {\apj},
   eprint = {astro-ph/9903140},
 keywords = {GALAXIES: QUASARS: ABSORPTION LINES, Galaxies: Quasars: Absorption Lines},
     year = 1999,
    month = oct,
   volume = 524,
    pages = {566-571},
      doi = {10.1086/307841},
   adsurl = {http://adsabs.harvard.edu/abs/1999ApJ...524..566A},
  adsnote = {Provided by the SAO/NASA Astrophysics Data System}
}


@ARTICLE{1999A&A...345..211L,
   author = {{Lucy}, L.~B.},
    title = "{Improved Monte Carlo techniques for the spectral synthesis of supernovae}",
  journal = {\aap},
 keywords = {RADIATIVE TRANSFER, METHODS: NUMERICAL, STARS: ATMOSPHERES, STARS: SUPERNOVAE: GENERAL},
     year = 1999,
    month = may,
   volume = 345,
    pages = {211-220},
   adsurl = {http://adsabs.harvard.edu/abs/1999A%26A...345..211L},
  adsnote = {Provided by the SAO/NASA Astrophysics Data System}
}

@ARTICLE{sutherland1998,
   author = {{Sutherland}, R.~S.},
    title = "{Accurate free-free Gaunt factors for astrophysical plasmas}",
  journal = {\mnras},
 keywords = {ATOMIC DATA, ATOMIC PROCESSES, PLASMAS, RADIATION MECHANISMS: THERMAL, ISM: GENERAL},
     year = 1998,
    month = oct,
   volume = 300,
    pages = {321-330},
      doi = {10.1046/j.1365-8711.1998.01687.x},
   adsurl = {http://adsabs.harvard.edu/abs/1998MNRAS.300..321S},
  adsnote = {Provided by the SAO/NASA Astrophysics Data System}
}

@ARTICLE{krolikvoit1998,
   author = {{Krolik}, J.~H. and {Voit}, G.~M.},
    title = "{What Is the True Covering Factor of Absorbing Matter in BALQSOs?}",
  journal = {\apjl},
   eprint = {astro-ph/9802082},
 keywords = {ACCRETION, ACCRETION DISKS, GALAXIES: ACTIVE, GALAXIES: QUASARS: ABSORPTION LINES, GALAXIES: QUASARS: EMISSION LINES, GALAXIES: QUASARS: GENERAL, Accretion, Accretion Disks, Galaxies: Active, Galaxies: Quasars: Absorption Lines, Galaxies: Quasars: Emission Lines, Galaxies: Quasars: General},
     year = 1998,
    month = apr,
   volume = 497,
    pages = {L5-L8},
      doi = {10.1086/311274},
   adsurl = {http://adsabs.harvard.edu/abs/1998ApJ...497L...5K},
  adsnote = {Provided by the SAO/NASA Astrophysics Data System}
}

@ARTICLE{MC98,
   author = {{Murray}, N. and {Chiang}, J.},
    title = "{Photoionization of Disk Winds}",
  journal = {\apj},
 keywords = {ACCRETION, ACCRETION DISKS, LINE: FORMATION, GALAXIES: QUASARS: GENERAL, RADIATIVE TRANSFER, Accretion, Accretion Disks, Line: Formation, Galaxies: Quasars: General, Radiative Transfer},
     year = 1998,
    month = feb,
   volume = 494,
    pages = {125-138},
      doi = {10.1086/305183},
   adsurl = {http://adsabs.harvard.edu/abs/1998ApJ...494..125M},
  adsnote = {Provided by the SAO/NASA Astrophysics Data System}
}

@ARTICLE{dere1997,
   author = {{Dere}, K.~P. and {Landi}, E. and {Mason}, H.~E. and {Monsignori Fossi}, B.~C. and 
	{Young}, P.~R.},
    title = "{CHIANTI - an atomic database for emission lines}",
  journal = {\aaps},
 keywords = {ATOMIC DATA, ASTRONOMICAL DATA BASES: MISCELLANEOUS, ULTRAVIOLET: GENERAL, SUN: ATMOSPHERE, STARS: ATMOSPHERE},
     year = 1997,
    month = oct,
   volume = 125,
    pages = {149-173},
      doi = {10.1051/aas:1997368},
   adsurl = {http://adsabs.harvard.edu/abs/1997A%26AS..125..149D},
  adsnote = {Provided by the SAO/NASA Astrophysics Data System}
}

@ARTICLE{1997ApJ...479..200B,
   author = {{Bottorff}, M. and {Korista}, K.~T. and {Shlosman}, I. and {Blandford}, R.~D.
	},
    title = "{Dynamics of Broad Emission-Line Region in NGC 5548: Hydromagnetic Wind Model versus Observations}",
  journal = {\apj},
   eprint = {astro-ph/9610026},
 keywords = {Black Hole Physics, Galaxies: Active, Galaxies: Individual: NGC Number: NGC 5548, Galaxies: Nuclei, Galaxies: Seyfert, Line: Formation},
     year = 1997,
    month = apr,
   volume = 479,
    pages = {200-221},
   adsurl = {http://adsabs.harvard.edu/abs/1997ApJ...479..200B},
  adsnote = {Provided by the SAO/NASA Astrophysics Data System}
}

@ARTICLE{1996Natur.382..789M,
   author = {{Murray}, N. and {Chiang}, J.},
    title = "{Wind-dominated optical line emission from accretion disks around luminous cataclysmic variable stars}",
  journal = {\nat},
     year = 1996,
    month = aug,
   volume = 382,
    pages = {789-791},
      doi = {10.1038/382789a0},
   adsurl = {http://adsabs.harvard.edu/abs/1996Natur.382..789M},
  adsnote = {Provided by the SAO/NASA Astrophysics Data System}
}

@ARTICLE{arav1996,
   author = {{Arav}, N.},
    title = "{The ``Ghost of LY alpha '' as Evidence for Radiative Acceleration in Quasars}",
  journal = {\apj},
 keywords = {ACCELERATION OF PARTICLES, LINE: PROFILES, GALAXIES: QUASARS: ABSORPTION LINES},
     year = 1996,
    month = jul,
   volume = 465,
    pages = {617},
      doi = {10.1086/177447},
   adsurl = {http://adsabs.harvard.edu/abs/1996ApJ...465..617A},
  adsnote = {Provided by the SAO/NASA Astrophysics Data System}
}

@ARTICLE{vfky,
   author = {{Verner}, D.~A. and {Ferland}, G.~J. and {Korista}, K.~T. and 
	{Yakovlev}, D.~G.},
    title = "{Atomic Data for Astrophysics. II. New Analytic FITS for Photoionization Cross Sections of Atoms and Ions}",
  journal = {\apj},
   eprint = {astro-ph/9601009},
 keywords = {ATOMIC DATA, ATOMIC PROCESSES},
     year = 1996,
    month = jul,
   volume = 465,
    pages = {487},
      doi = {10.1086/177435},
   adsurl = {http://adsabs.harvard.edu/abs/1996ApJ...465..487V},
  adsnote = {Provided by the SAO/NASA Astrophysics Data System}
}

@ARTICLE{1996ADNDT..64....1V,
   author = {{Verner}, D.~A. and {Verner}, E.~M. and {Ferland}, G.~J.},
    title = "{Atomic Data for Permitted Resonance Lines of Atoms and Ions from H to Si, and S, Ar, Ca, and Fe}",
  journal = {Atomic Data and Nuclear Data Tables},
     year = 1996,
   volume = 64,
    pages = {1},
      doi = {10.1006/adnd.1996.0018},
   adsurl = {http://adsabs.harvard.edu/abs/1996ADNDT..64....1V},
  adsnote = {Provided by the SAO/NASA Astrophysics Data System}
}

@ARTICLE{1995ApJ...454..410G,
   author = {{Gayley}, K.~G.},
    title = "{An Improved Line-Strength Parameterization in Hot-Star Winds}",
  journal = {\apj},
 keywords = {LINE: FORMATION, STARS: EARLY-TYPE, STARS: MASS LOSS, STARS: WOLF-RAYET},
     year = 1995,
    month = nov,
   volume = 454,
    pages = {410},
      doi = {10.1086/176492},
   adsurl = {http://adsabs.harvard.edu/abs/1995ApJ...454..410G},
  adsnote = {Provided by the SAO/NASA Astrophysics Data System}
}

@ARTICLE{1995ApJ...451..498M,
   author = {{Murray}, N. and {Chiang}, J. and {Grossman}, S.~A. and {Voit}, G.~M.
	},
    title = "{Accretion Disk Winds from Active Galactic Nuclei}",
  journal = {\apj},
 keywords = {ACCRETION, ACCRETION DISKS, GALAXIES: NUCLEI, GALAXIES: QUASARS: ABSORPTION LINES},
     year = 1995,
    month = oct,
   volume = 451,
    pages = {498},
      doi = {10.1086/176238},
   adsurl = {http://adsabs.harvard.edu/abs/1995ApJ...451..498M},
  adsnote = {Provided by the SAO/NASA Astrophysics Data System}
}

@ARTICLE{arav1995,
   author = {{Arav}, N. and {Korista}, K.~T. and {Barlow}, T.~A. and {Begelman}
	},
    title = "{Radiative acceleration of gas in quasars}",
  journal = {\nat},
     year = 1995,
    month = aug,
   volume = 376,
    pages = {576-578},
      doi = {10.1038/376576a0},
   adsurl = {http://adsabs.harvard.edu/abs/1995Natur.376..576A},
  adsnote = {Provided by the SAO/NASA Astrophysics Data System}
}

@ARTICLE{1995MNRAS.273..225K,
   author = {{Knigge}, C. and {Woods}, J.~A. and {Drew}, J.~E.},
    title = "{The application of Monte Carlo methods to the synthesis of spectral line profiles arising from accretion disc winds}",
  journal = {\mnras},
 keywords = {ACCRETION, ACCRETION DISCS, LINE: FORMATION, LINE: PROFILES, RADIATIVE TRANSFER, STARS: MASS-LOSS, NOVAE, CATACLYSMIC VARIABLES},
     year = 1995,
    month = mar,
   volume = 273,
    pages = {225-248},
   adsurl = {http://adsabs.harvard.edu/abs/1995MNRAS.273..225K},
  adsnote = {Provided by the SAO/NASA Astrophysics Data System}
}

@ARTICLE{1994A&AS..108..287V,
   author = {{Verner}, D.~A. and {Barthel}, P.~D. and {Tytler}, D.},
    title = "{Atomic data for absorption lines from the ground level at wavelengths greater than 228A.}",
  journal = {\aaps},
 keywords = {ATOMIC DATA, QUASARS: ABSORPTION LINES, ULTRAVIOLET: GENERAL},
     year = 1994,
    month = dec,
   volume = 108,
    pages = {287-340},
   adsurl = {http://adsabs.harvard.edu/abs/1994A%26AS..108..287V},
  adsnote = {Provided by the SAO/NASA Astrophysics Data System}
}

@ARTICLE{1994A&A...289..505S,
   author = {{Springmann}, U.},
    title = "{Multiple resonance line scattering and the 'momentum problem' in Wolf-Rayet star winds}",
  journal = {\aap},
 keywords = {Momentum Transfer, Radiative Transfer, Resonance Lines, Resonance Scattering, Stellar Winds, Wolf-Rayet Stars, Acceleration (Physics), Diffusion, Flux (Rate), Monte Carlo Method, Opacity, Photosphere, Stellar Models},
     year = 1994,
    month = sep,
   volume = 289,
    pages = {505-523},
   adsurl = {http://adsabs.harvard.edu/abs/1994A%26A...289..505S},
  adsnote = {Provided by the SAO/NASA Astrophysics Data System}
}

@ARTICLE{cunto1993,
   author = {{Cunto}, W. and {Mendoza}, C. and {Ochsenbein}, F. and {Zeippen}, C.~J.
	},
    title = "{Topbase at the CDS}",
  journal = {\aap},
 keywords = {Atomic data},
     year = 1993,
    month = aug,
   volume = 275,
    pages = {L5},
   adsurl = {http://adsabs.harvard.edu/abs/1993A%26A...275L...5C},
  adsnote = {Provided by the SAO/NASA Astrophysics Data System}
}

@ARTICLE{1993ApJ...409..372S,
   author = {{Shlosman}, I. and {Vitello}, P.},
    title = "{Winds from accretion disks - Ultraviolet line formation in cataclysmic variables}",
  journal = {\apj},
 keywords = {Accretion Disks, Cataclysmic Variables, Emission Spectra, Stellar Mass Ejection, Stellar Winds, Ultraviolet Radiation, Angular Momentum, Iue, Line Spectra},
     year = 1993,
    month = may,
   volume = 409,
    pages = {372-386},
      doi = {10.1086/172670},
   adsurl = {http://adsabs.harvard.edu/abs/1993ApJ...409..372S},
  adsnote = {Provided by the SAO/NASA Astrophysics Data System}
}

@ARTICLE{1993ApJ...405..738L,
   author = {{Lucy}, L.~B. and {Abbott}, D.~C.},
    title = "{Multiline transfer and the dynamics of Wolf-Rayet winds}",
  journal = {\apj},
 keywords = {Mass Flow, Monte Carlo Method, Radiative Transfer, Stellar Winds, Wolf-Rayet Stars, Astronomical Models, Electron Scattering, Line Spectra, Luminosity, Photoionization, Radiation Pressure, Stratification},
     year = 1993,
    month = mar,
   volume = 405,
    pages = {738-746},
      doi = {10.1086/172402},
   adsurl = {http://adsabs.harvard.edu/abs/1993ApJ...405..738L},
  adsnote = {Provided by the SAO/NASA Astrophysics Data System}
}

@ARTICLE{1992ApJ...385..460E,
   author = {{Emmering}, R.~T. and {Blandford}, R.~D. and {Shlosman}, I.},
    title = "{Magnetic acceleration of broad emission-line clouds in active galactic nuclei}",
  journal = {\apj},
 keywords = {Active Galactic Nuclei, Emission Spectra, Line Shape, Line Spectra, Particle Acceleration, Accretion Disks, Black Holes (Astronomy), Interstellar Gas},
     year = 1992,
    month = feb,
   volume = 385,
    pages = {460-477},
      doi = {10.1086/170955},
   adsurl = {http://adsabs.harvard.edu/abs/1992ApJ...385..460E},
  adsnote = {Provided by the SAO/NASA Astrophysics Data System}
}

@ARTICLE{1991ApJ...373...23W,
   author = {{Weymann}, R.~J. and {Morris}, S.~L. and {Foltz}, C.~B. and 
	{Hewett}, P.~C.},
    title = "{Comparisons of the emission-line and continuum properties of broad absorption line and normal quasi-stellar objects}",
  journal = {\apj},
 keywords = {Continuous Radiation, Emission Spectra, Line Spectra, Quasars, Stellar Spectra, Data Reduction, Spectral Line Width, Spectrum Analysis, Statistical Analysis, quasars},
     year = 1991,
    month = may,
   volume = 373,
    pages = {23-53},
      doi = {10.1086/170020},
   adsurl = {http://adsabs.harvard.edu/abs/1991ApJ...373...23W},
  adsnote = {Provided by the SAO/NASA Astrophysics Data System}
}

@ARTICLE{1989AJ.....98.1195K,
   author = {{Kellermann}, K.~I. and {Sramek}, R. and {Schmidt}, M. and {Shaffer}, D.~B. and 
	{Green}, R.},
    title = "{VLA observations of objects in the Palomar Bright Quasar Survey}",
  journal = {\aj},
 keywords = {Astronomical Catalogs, Quasars, Radio Sources (Astronomy), Very Large Array (Vla), Centimeter Waves, Data Sampling, Luminosity, Radiant Flux Density},
     year = 1989,
    month = oct,
   volume = 98,
    pages = {1195-1207},
      doi = {10.1086/115207},
   adsurl = {http://adsabs.harvard.edu/abs/1989AJ.....98.1195K},
  adsnote = {Provided by the SAO/NASA Astrophysics Data System}
}

@ARTICLE{1988MNRAS.235..269M,
   author = {{Marsh}, T.~R. and {Horne}, K.},
    title = "{Images of accretion discs. II - Doppler tomography}",
  journal = {\mnras},
 keywords = {Accretion Disks, Cataclysmic Variables, Doppler Effect, Emission Spectra, Line Shape, Stellar Spectra, Tomography},
     year = 1988,
    month = nov,
   volume = 235,
    pages = {269-286},
   adsurl = {http://adsabs.harvard.edu/abs/1988MNRAS.235..269M},
  adsnote = {Provided by the SAO/NASA Astrophysics Data System}
}

@ARTICLE{1985ApJ...288..679A,
   author = {{Abbott}, D.~C. and {Lucy}, L.~B.},
    title = "{Multiline transfer and the dynamics of stellar winds}",
  journal = {\apj},
 keywords = {Computational Astrophysics, Early Stars, Radiative Transfer, Stellar Spectra, Stellar Winds, Atomic Energy Levels, Line Spectra, Monte Carlo Method, Particle Acceleration, Stellar Mass Ejection, Ultraviolet Spectra},
     year = 1985,
    month = jan,
   volume = 288,
    pages = {679-693},
      doi = {10.1086/162834},
   adsurl = {http://adsabs.harvard.edu/abs/1985ApJ...288..679A},
  adsnote = {Provided by the SAO/NASA Astrophysics Data System}
}

@ARTICLE{1985ARA&A..23..267L,
   author = {{Lada}, C.~J.},
    title = "{Cold outflows, energetic winds, and enigmatic jets around young stellar objects}",
  journal = {\araa},
 keywords = {Jet Flow, Stellar Envelopes, Stellar Evolution, Stellar Mass Ejection, Stellar Winds, Astronomical Catalogs, Astrophysics, Herbig-Haro Objects, Molecular Clouds, T Tauri Stars, Water Masers},
     year = 1985,
   volume = 23,
    pages = {267-317},
      doi = {10.1146/annurev.aa.23.090185.001411},
   adsurl = {http://adsabs.harvard.edu/abs/1985ARA%26A..23..267L},
  adsnote = {Provided by the SAO/NASA Astrophysics Data System}
}

@ARTICLE{1984RvMP...56..255B,
   author = {{Begelman}, M.~C. and {Blandford}, R.~D. and {Rees}, M.~J.},
    title = "{Theory of extragalactic radio sources}",
  journal = {Reviews of Modern Physics},
     year = 1984,
    month = apr,
   volume = 56,
    pages = {255-351},
      doi = {10.1103/RevModPhys.56.255},
   adsurl = {http://adsabs.harvard.edu/abs/1984RvMP...56..255B},
  adsnote = {Provided by the SAO/NASA Astrophysics Data System}
}

@ARTICLE{1982ApJ...260..716C,
   author = {{Cordova}, F.~A. and {Mason}, K.~O.},
    title = "{High-velocity winds from a dwarf nova during outburst}",
  journal = {\apj},
 keywords = {Dwarf Novae, Stellar Mass Ejection, Stellar Winds, Ultraviolet Spectra, Variable Stars, Absorption Spectra, Binary Stars, Bursts, Iue, Stellar Luminosity, Stellar Spectra, Wind Velocity},
     year = 1982,
    month = sep,
   volume = 260,
    pages = {716-721},
      doi = {10.1086/160291},
   adsurl = {http://adsabs.harvard.edu/abs/1982ApJ...260..716C},
  adsnote = {Provided by the SAO/NASA Astrophysics Data System}
}

@ARTICLE{1982MNRAS.200..115S,
   author = {{Soltan}, A.},
    title = "{Masses of quasars}",
  journal = {\mnras},
 keywords = {Astronomical Models, Black Holes (Astronomy), Galactic Evolution, Galactic Nuclei, Mass, Quasars, Bolometers, Luminosity, Red Shift, Spectrophotometry, Stellar Mass Accretion},
     year = 1982,
    month = jul,
   volume = 200,
    pages = {115-122},
   adsurl = {http://adsabs.harvard.edu/abs/1982MNRAS.200..115S},
  adsnote = {Provided by the SAO/NASA Astrophysics Data System}
}

@ARTICLE{1982ApJ...258..209G,
   author = {{Greenstein}, J.~L. and {Oke}, J.~B.},
    title = "{RW Sextantis, a disk with a hot, high-velocity wind}",
  journal = {\apj},
 keywords = {Blue Stars, Hot Stars, Stellar Mass Accretion, Stellar Spectra, Stellar Winds, Variable Stars, Absorption Spectra, Black Body Radiation, F Stars, Iue, Lyman Alpha Radiation, Stellar Spectrophotometry, Stellar Structure, Stellar Temperature, Ultraviolet Astronomy, Ultraviolet Spectra, White Dwarf Stars, Wind Velocity, X Ray Sources},
     year = 1982,
    month = jul,
   volume = 258,
    pages = {209-216},
      doi = {10.1086/160069},
   adsurl = {http://adsabs.harvard.edu/abs/1982ApJ...258..209G},
  adsnote = {Provided by the SAO/NASA Astrophysics Data System}
}

@ARTICLE{1982MNRAS.199..883B,
   author = {{Blandford}, R.~D. and {Payne}, D.~G.},
    title = "{Hydromagnetic flows from accretion discs and the production of radio jets}",
  journal = {\mnras},
 keywords = {Astrophysics, Energy Transfer, Magnetohydrodynamic Flow, Momentum Transfer, Radio Jets (Astronomy), Stellar Mass Accretion, Angular Momentum, Black Holes (Astronomy), Critical Point, Disks (Shapes), Solar Corona},
     year = 1982,
    month = jun,
   volume = 199,
    pages = {883-903},
   adsurl = {http://adsabs.harvard.edu/abs/1982MNRAS.199..883B},
  adsnote = {Provided by the SAO/NASA Astrophysics Data System}
}

@ARTICLE{1981ApJ...249..422K,
   author = {{Krolik}, J.~H. and {McKee}, C.~F. and {Tarter}, C.~B.},
    title = "{Two-phase models of quasar emission line regions}",
  journal = {\apj},
 keywords = {Astronomical Models, Emission Spectra, Hydrogen Clouds, Quasars, Two Phase Flow, X Ray Sources, Compton Effect, Gas Temperature, Line Spectra, Phase Diagrams, Photoionization, Spectrum Analysis},
     year = 1981,
    month = oct,
   volume = 249,
    pages = {422-442},
      doi = {10.1086/159303},
   adsurl = {http://adsabs.harvard.edu/abs/1981ApJ...249..422K},
  adsnote = {Provided by the SAO/NASA Astrophysics Data System}
}

@ARTICLE{1981AcA....31..395S,
   author = {{Smak}, J.},
    title = "{On the Emission Lines from Rotating Gaseous Disks}",
  journal = {\actaa},
     year = 1981,
   volume = 31,
    pages = {395},
   adsurl = {http://adsabs.harvard.edu/abs/1981AcA....31..395S},
  adsnote = {Provided by the SAO/NASA Astrophysics Data System}
}

@ARTICLE{1979ApJ...229..318G,
   author = {{Galeev}, A.~A. and {Rosner}, R. and {Vaiana}, G.~S.},
    title = "{Structured coronae of accretion disks}",
  journal = {\apj},
 keywords = {Binary Stars, Coronas, Cosmic X Rays, Magnetohydrodynamics, Stellar Mass Accretion, X Ray Sources, Buoyancy, Convection Currents, Cooling, Energy Dissipation, Interstellar Gas, Interstellar Magnetic Fields, Stellar Luminosity, Thermal Plasmas},
     year = 1979,
    month = apr,
   volume = 229,
    pages = {318-326},
      doi = {10.1086/156957},
   adsurl = {http://adsabs.harvard.edu/abs/1979ApJ...229..318G},
  adsnote = {Provided by the SAO/NASA Astrophysics Data System}
}

@ARTICLE{1973A&A....24..337S,
   author = {{Shakura}, N.~I. and {Sunyaev}, R.~A.},
    title = "{Black holes in binary systems. Observational appearance.}",
  journal = {\aap},
     year = 1973,
   volume = 24,
    pages = {337-355},
   adsurl = {http://adsabs.harvard.edu/abs/1973A%26A....24..337S},
  adsnote = {Provided by the SAO/NASA Astrophysics Data System}
}

@ARTICLE{1967ApJ...150..535M,
   author = {{Morton}, D.~C.},
    title = "{Mass Loss from Three OB Supergiants in Orion}",
  journal = {\apj},
     year = 1967,
    month = nov,
   volume = 150,
    pages = {535},
      doi = {10.1086/149356},
   adsurl = {http://adsabs.harvard.edu/abs/1967ApJ...150..535M},
  adsnote = {Provided by the SAO/NASA Astrophysics Data System}
}

