
@ARTICLE{2013MNRAS.436.1390H,
   author = {{Higginbottom}, N. and {Knigge}, C. and {Long}, K.~S. and {Sim}, S.~A. and 
	{Matthews}, J.~H.},
    title = "{A simple disc wind model for broad absorption line quasars}",
  journal = {\mnras},
archivePrefix = "arXiv",
   eprint = {1308.5973},
 primaryClass = "astro-ph.CO",
 keywords = {radiative transfer, methods: numerical, galaxies: active, quasars: absorption lines, quasars: general},
     year = 2013,
    month = dec,
   volume = 436,
    pages = {1390-1407},
      doi = {10.1093/mnras/stt1658},
   adsurl = {http://adsabs.harvard.edu/abs/2013MNRAS.436.1390H},
  adsnote = {Provided by the SAO/NASA Astrophysics Data System}
}

@ARTICLE{2013ApJ...778...65J,
   author = {{Jiang}, Y.-F. and {Stone}, J.~M. and {Davis}, S.~W.},
    title = "{On the Thermal Stability of Radiation-dominated Accretion Disks}",
  journal = {\apj},
archivePrefix = "arXiv",
   eprint = {1309.5646},
 primaryClass = "astro-ph.HE",
 keywords = {accretion, accretion disks, magnetohydrodynamics: MHD, methods: numerical, radiative transfer },
     year = 2013,
    month = nov,
   volume = 778,
      eid = {65},
    pages = {65},
      doi = {10.1088/0004-637X/778/1/65},
   adsurl = {http://adsabs.harvard.edu/abs/2013ApJ...778...65J},
  adsnote = {Provided by the SAO/NASA Astrophysics Data System}
}

@ARTICLE{2013ApJ...778...50K,
   author = {{Kashi}, A. and {Proga}, D. and {Nagamine}, K. and {Greene}, J. and 
	{Barth}, A.~J.},
    title = "{On the Virialization of Disk Winds: Implications for the Black Hole Mass Estimates in Active Galactic Nuclei}",
  journal = {\apj},
archivePrefix = "arXiv",
   eprint = {1306.1090},
 keywords = {accretion, accretion disks, hydrodynamics, methods: numerical, quasars: general },
     year = 2013,
    month = nov,
   volume = 778,
      eid = {50},
    pages = {50},
      doi = {10.1088/0004-637X/778/1/50},
   adsurl = {http://adsabs.harvard.edu/abs/2013ApJ...778...50K},
  adsnote = {Provided by the SAO/NASA Astrophysics Data System}
}

@ARTICLE{nomura2016,
   author = {{Nomura}, M. and {Ohsuga}, K. and {Takahashi}, H.~R. and {Wada}, K. and 
  {Yoshida}, T.},
    title = "{Radiation hydrodynamic simulations of line-driven disk winds for ultra-fast outflows}",
  journal = {\pasj},
archivePrefix = "arXiv",
   eprint = {1511.08815},
 primaryClass = "astro-ph.HE",
 keywords = {accretion, accretion disks-galaxies: active-methods: numerical},
     year = 2016,
    month = feb,
   volume = 68,
      eid = {16},
    pages = {16},
      doi = {10.1093/pasj/psv124},
   adsurl = {http://adsabs.harvard.edu/abs/2016PASJ...68...16N},
  adsnote = {Provided by the SAO/NASA Astrophysics Data System}
}

@ARTICLE{nomura2013,
   author = {{Nomura}, M. and {Ohsuga}, K. and {Wada}, K. and {Susa}, H. and 
	{Misawa}, T.},
    title = "{Modeling Line-Driven Disk Wind for Broad Absorption Lines of Quasars}",
  journal = {\pasj},
archivePrefix = "arXiv",
   eprint = {1212.3075},
 primaryClass = "astro-ph.HE",
 keywords = {accretion: accretion disks, galaxies: active, methods: numerical, quasars: absorption lines, radiative transfer},
     year = 2013,
    month = apr,
   volume = 65,
    pages = {40},
      doi = {10.1093/pasj/65.2.40},
   adsurl = {http://adsabs.harvard.edu/abs/2013PASJ...65...40N},
  adsnote = {Provided by the SAO/NASA Astrophysics Data System}
}

@ARTICLE{2012MNRAS.426..656S,
   author = {{Slone}, O. and {Netzer}, H.},
    title = "{The effects of disc winds on the spectrum and black hole growth rate of active galactic nuclei}",
  journal = {\mnras},
archivePrefix = "arXiv",
   eprint = {1207.7074},
 keywords = {accretion, accretion discs, galaxies: active, galaxies: nuclei, quasars: general},
     year = 2012,
    month = oct,
   volume = 426,
    pages = {656-664},
      doi = {10.1111/j.1365-2966.2012.21699.x},
   adsurl = {http://adsabs.harvard.edu/abs/2012MNRAS.426..656S},
  adsnote = {Provided by the SAO/NASA Astrophysics Data System}
}

@ARTICLE{2012MNRAS.420.1848D,
   author = {{Done}, C. and {Davis}, S.~W. and {Jin}, C. and {Blaes}, O. and 
	{Ward}, M.},
    title = "{Intrinsic disc emission and the soft X-ray excess in active galactic nuclei}",
  journal = {\mnras},
archivePrefix = "arXiv",
   eprint = {1107.5429},
 primaryClass = "astro-ph.HE",
 keywords = {accretion, accretion discs, black hole physics, galaxies: active},
     year = 2012,
    month = mar,
   volume = 420,
    pages = {1848-1860},
      doi = {10.1111/j.1365-2966.2011.19779.x},
   adsurl = {http://adsabs.harvard.edu/abs/2012MNRAS.420.1848D},
  adsnote = {Provided by the SAO/NASA Astrophysics Data System}
}

@ARTICLE{2011ApJ...736....2O,
   author = {{Ohsuga}, K. and {Mineshige}, S.},
    title = "{Global Structure of Three Distinct Accretion Flows and Outflows around Black Holes from Two-dimensional Radiation-magnetohydrodynamic Simulations}",
  journal = {\apj},
archivePrefix = "arXiv",
   eprint = {1105.5474},
 primaryClass = "astro-ph.HE",
 keywords = {accretion, accretion disks, black hole physics, ISM: jets and outflows, magnetohydrodynamics: MHD, radiative transfer},
     year = 2011,
    month = jul,
   volume = 736,
      eid = {2},
    pages = {2},
      doi = {10.1088/0004-637X/736/1/2},
   adsurl = {http://adsabs.harvard.edu/abs/2011ApJ...736....2O},
  adsnote = {Provided by the SAO/NASA Astrophysics Data System}
}

@ARTICLE{2011ApJ...728...98D,
   author = {{Davis}, S.~W. and {Laor}, A.},
    title = "{The Radiative Efficiency of Accretion Flows in Individual Active Galactic Nuclei}",
  journal = {\apj},
archivePrefix = "arXiv",
   eprint = {1012.3213},
 keywords = {accretion, accretion disks, black hole physics, galaxies: active, quasars: general},
     year = 2011,
    month = feb,
   volume = 728,
      eid = {98},
    pages = {98},
      doi = {10.1088/0004-637X/728/2/98},
   adsurl = {http://adsabs.harvard.edu/abs/2011ApJ...728...98D},
  adsnote = {Provided by the SAO/NASA Astrophysics Data System}
}

@ARTICLE{sim2010_hydro,
   author = {{Sim}, S.~A. and {Proga}, D. and {Miller}, L. and {Long}, K.~S. and 
	{Turner}, T.~J.},
    title = "{Multidimensional modelling of X-ray spectra for AGN accretion disc outflows - III. Application to a hydrodynamical simulation}",
  journal = {\mnras},
archivePrefix = "arXiv",
   eprint = {1006.3449},
 primaryClass = "astro-ph.HE",
 keywords = {radiative transfer, methods: numerical, galaxies: active, X-rays: galaxies},
     year = 2010,
    month = nov,
   volume = 408,
    pages = {1396-1408},
      doi = {10.1111/j.1365-2966.2010.17215.x},
   adsurl = {http://adsabs.harvard.edu/abs/2010MNRAS.408.1396S},
  adsnote = {Provided by the SAO/NASA Astrophysics Data System}
}

@INPROCEEDINGS{progakurosawa2010,
   author = {{Proga}, D. and {Kurosawa}, R.},
    title = "{Outflows from AGN: Their Impact on Spectra and the Environment}",
booktitle = {Accretion and Ejection in AGN: a Global View},
     year = 2010,
   series = {Astronomical Society of the Pacific Conference Series},
   volume = 427,
archivePrefix = "arXiv",
   eprint = {1002.4667},
 primaryClass = "astro-ph.GA",
   editor = {{Maraschi}, L. and {Ghisellini}, G. and {Della Ceca}, R. and 
	{Tavecchio}, F.},
    month = oct,
    pages = {41},
   adsurl = {http://adsabs.harvard.edu/abs/2010ASPC..427...41P},
  adsnote = {Provided by the SAO/NASA Astrophysics Data System}
}

@ARTICLE{2010MNRAS.406.2094C,
   author = {{Cottis}, C.~E. and {Goad}, M.~R. and {Knigge}, C. and {Scaringi}, S.
	},
    title = "{Searching for the signature of radiative line driving: on the absence of Ly{$\alpha$}-NV line-locking features in a large sample of BALQSOs}",
  journal = {\mnras},
archivePrefix = "arXiv",
   eprint = {1004.2145},
 keywords = {galaxies: active, quasars: absorption lines, quasars: general},
     year = 2010,
    month = aug,
   volume = 406,
    pages = {2094-2112},
      doi = {10.1111/j.1365-2966.2010.16839.x},
   adsurl = {http://adsabs.harvard.edu/abs/2010MNRAS.406.2094C},
  adsnote = {Provided by the SAO/NASA Astrophysics Data System}
}

@ARTICLE{risalitielvis2010,
   author = {{Risaliti}, G. and {Elvis}, M.},
    title = "{A non-hydrodynamical model for acceleration of line-driven winds in active galactic nuclei}",
  journal = {\aap},
archivePrefix = "arXiv",
   eprint = {0911.0958},
 keywords = {galaxies: active, quasars: general, acceleration of particules},
     year = 2010,
    month = jun,
   volume = 516,
      eid = {A89},
    pages = {A89},
      doi = {10.1051/0004-6361/200912579},
   adsurl = {http://adsabs.harvard.edu/abs/2010A%26A...516A..89R},
  adsnote = {Provided by the SAO/NASA Astrophysics Data System}
}

@ARTICLE{2009ApJ...694....1S,
   author = {{Schurch}, N.~J. and {Done}, C. and {Proga}, D.},
    title = "{The Impact of Accretion Disk Winds on the X-Ray Spectra of Active Galactic Nuclei. II. Xscort + Hydrodynamic Simulations}",
  journal = {\apj},
archivePrefix = "arXiv",
   eprint = {0810.0884},
 keywords = {accretion, accretion disks, galaxies: active, quasars: general, radiative transfer, X-rays: galaxies},
     year = 2009,
    month = mar,
   volume = 694,
    pages = {1-11},
      doi = {10.1088/0004-637X/694/1/1},
   adsurl = {http://adsabs.harvard.edu/abs/2009ApJ...694....1S},
  adsnote = {Provided by the SAO/NASA Astrophysics Data System}
}

@ARTICLE{2008MNRAS.386.1426K,
   author = {{Knigge}, C. and {Scaringi}, S. and {Goad}, M.~R. and {Cottis}, C.~E.
	},
    title = "{The intrinsic fraction of broad-absorption line quasars}",
  journal = {\mnras},
archivePrefix = "arXiv",
   eprint = {0802.3697},
 keywords = {methods: statistical , catalogues , surveys , quasars: absorption lines},
     year = 2008,
    month = may,
   volume = 386,
    pages = {1426-1435},
      doi = {10.1111/j.1365-2966.2008.13081.x},
   adsurl = {http://adsabs.harvard.edu/abs/2008MNRAS.386.1426K},
  adsnote = {Provided by the SAO/NASA Astrophysics Data System}
}

@ARTICLE{2006MNRAS.365.1057N,
   author = {{North}, M. and {Knigge}, C. and {Goad}, M.},
    title = "{A new sample of broad absorption-line quasars exhibiting the ghost of Lyman {$\alpha$}}",
  journal = {\mnras},
   eprint = {astro-ph/0511133},
 keywords = {stars: winds, outflows, galaxies: active, quasars: absorption lines, quasars: general},
     year = 2006,
    month = feb,
   volume = 365,
    pages = {1057-1066},
      doi = {10.1111/j.1365-2966.2005.09828.x},
   adsurl = {http://adsabs.harvard.edu/abs/2006MNRAS.365.1057N},
  adsnote = {Provided by the SAO/NASA Astrophysics Data System}
}

@ARTICLE{2004ApJ...616..688P,
   author = {{Proga}, D. and {Kallman}, T.~R.},
    title = "{Dynamics of Line-driven Disk Winds in Active Galactic Nuclei. II. Effects of Disk Radiation}",
  journal = {\apj},
   eprint = {astro-ph/0408293},
 keywords = {Accretion, Accretion Disks, Galaxies: Active, Galaxies: Nuclei, Methods: Numerical, Galaxies: Quasars: General},
     year = 2004,
    month = dec,
   volume = 616,
    pages = {688-695},
      doi = {10.1086/425117},
   adsurl = {http://adsabs.harvard.edu/abs/2004ApJ...616..688P},
  adsnote = {Provided by the SAO/NASA Astrophysics Data System}
}

@ARTICLE{2002ApJ...579..725L,
   author = {{Long}, K.~S. and {Knigge}, C.},
    title = "{Modeling the Spectral Signatures of Accretion Disk Winds: A New Monte Carlo Approach}",
  journal = {\apj},
   eprint = {astro-ph/0208011},
 keywords = {Accretion, Accretion Disks, Stars: Binaries: Close, Stars: Novae, Cataclysmic Variables, Stars: Individual: Constellation Name: Z Camelopardalis, Stars: Mass Loss},
     year = 2002,
    month = nov,
   volume = 579,
    pages = {725-740},
      doi = {10.1086/342879},
   adsurl = {http://adsabs.harvard.edu/abs/2002ApJ...579..725L},
  adsnote = {Provided by the SAO/NASA Astrophysics Data System}
}

@ARTICLE{2001ApJ...561..684K,
   author = {{Krolik}, J.~H. and {Kriss}, G.~A.},
    title = "{Warm Absorbers in Active Galactic Nuclei: A Multitemperature Wind}",
  journal = {\apj},
 keywords = {Galaxies: Active, Galaxies: Nuclei, Galaxies: Seyfert, Galaxies: Quasars: Absorption Lines, Ultraviolet: Galaxies, X-Rays: Galaxies},
     year = 2001,
    month = nov,
   volume = 561,
    pages = {684-690},
      doi = {10.1086/323442},
   adsurl = {http://adsabs.harvard.edu/abs/2001ApJ...561..684K},
  adsnote = {Provided by the SAO/NASA Astrophysics Data System}
}

@ARTICLE{2000ApJ...543..686P,
   author = {{Proga}, D. and {Stone}, J.~M. and {Kallman}, T.~R.},
    title = "{Dynamics of Line-driven Disk Winds in Active Galactic Nuclei}",
  journal = {\apj},
   eprint = {astro-ph/0005315},
 keywords = {Accretion, Accretion Disks, Galaxies: Active, Hydrodynamics, Instabilities, Methods: Numerical},
     year = 2000,
    month = nov,
   volume = 543,
    pages = {686-696},
      doi = {10.1086/317154},
   adsurl = {http://adsabs.harvard.edu/abs/2000ApJ...543..686P},
  adsnote = {Provided by the SAO/NASA Astrophysics Data System}
}

@ARTICLE{1997ApJ...477...93L,
   author = {{Laor}, A. and {Fiore}, F. and {Elvis}, M. and {Wilkes}, B.~J. and 
	{McDowell}, J.~C.},
    title = "{The Soft X-Ray Properties of a Complete Sample of Optically Selected Quasars. II. Final Results}",
  journal = {\apj},
   eprint = {astro-ph/9609164},
 keywords = {Galaxies: Active, Galaxies: Nuclei, Galaxies: Quasars: General, X-Rays: Galaxies},
     year = 1997,
    month = mar,
   volume = 477,
    pages = {93-113},
   adsurl = {http://adsabs.harvard.edu/abs/1997ApJ...477...93L},
  adsnote = {Provided by the SAO/NASA Astrophysics Data System}
}

@ARTICLE{1997ApJ...475..469Z,
   author = {{Zheng}, W. and {Kriss}, G.~A. and {Telfer}, R.~C. and {Grimes}, J.~P. and 
	{Davidsen}, A.~F.},
    title = "{A Composite HST Spectrum of Quasars}",
  journal = {\apj},
   eprint = {astro-ph/9608198},
 keywords = {Atomic Processes, Galaxies: Quasars: General, Ultraviolet: Galaxies},
     year = 1997,
    month = feb,
   volume = 475,
    pages = {469-478},
   adsurl = {http://adsabs.harvard.edu/abs/1997ApJ...475..469Z},
  adsnote = {Provided by the SAO/NASA Astrophysics Data System}
}

@ARTICLE{1996ApJ...465..617A,
   author = {{Arav}, N.},
    title = "{The ``Ghost of LY alpha '' as Evidence for Radiative Acceleration in Quasars}",
  journal = {\apj},
 keywords = {ACCELERATION OF PARTICLES, LINE: PROFILES, GALAXIES: QUASARS: ABSORPTION LINES},
     year = 1996,
    month = jul,
   volume = 465,
    pages = {617},
      doi = {10.1086/177447},
   adsurl = {http://adsabs.harvard.edu/abs/1996ApJ...465..617A},
  adsnote = {Provided by the SAO/NASA Astrophysics Data System}
}

@ARTICLE{1995ApJ...451..498M,
   author = {{Murray}, N. and {Chiang}, J. and {Grossman}, S.~A. and {Voit}, G.~M.
	},
    title = "{Accretion Disk Winds from Active Galactic Nuclei}",
  journal = {\apj},
 keywords = {ACCRETION, ACCRETION DISKS, GALAXIES: NUCLEI, GALAXIES: QUASARS: ABSORPTION LINES},
     year = 1995,
    month = oct,
   volume = 451,
    pages = {498},
      doi = {10.1086/176238},
   adsurl = {http://adsabs.harvard.edu/abs/1995ApJ...451..498M},
  adsnote = {Provided by the SAO/NASA Astrophysics Data System}
}

@ARTICLE{1995Natur.376..576A,
   author = {{Arav}, N. and {Korista}, K.~T. and {Barlow}, T.~A. and {Begelman}
	},
    title = "{Radiative acceleration of gas in quasars}",
  journal = {\nat},
     year = 1995,
    month = aug,
   volume = 376,
    pages = {576-578},
      doi = {10.1038/376576a0},
   adsurl = {http://adsabs.harvard.edu/abs/1995Natur.376..576A},
  adsnote = {Provided by the SAO/NASA Astrophysics Data System}
}

@ARTICLE{pelletier_pudritz,
   author = {{Pelletier}, G. and {Pudritz}, R.~E.},
    title = "{Hydromagnetic disk winds in young stellar objects and active galactic nuclei}",
  journal = {\apj},
 keywords = {Accretion Disks, Active Galactic Nuclei, Black Holes (Astronomy), Early Stars, Magnetohydrodynamic Flow, Stellar Winds, Angular Momentum, Computational Astrophysics, Hydrodynamic Equations, Interstellar Magnetic Fields, Stellar Mass Ejection, galaxies: nuclei MHD stars: pre-main-sequence stars: mass loss},
     year = 1992,
    month = jul,
   volume = 394,
    pages = {117-138},
      doi = {10.1086/171565},
   adsurl = {http://adsabs.harvard.edu/abs/1992ApJ...394..117P},
  adsnote = {Provided by the SAO/NASA Astrophysics Data System}
}

@ARTICLE{1992ApJS...80..753S,
   author = {{Stone}, J.~M. and {Norman}, M.~L.},
    title = "{ZEUS-2D: A radiation magnetohydrodynamics code for astrophysical flows in two space dimensions. I - The hydrodynamic algorithms and tests.}",
  journal = {\apjs},
 keywords = {Computational Astrophysics, Cosmic Plasma, Hydrodynamic Equations, Magnetohydrodynamic Flow, Self Consistent Fields, Computational Grids, Finite Difference Theory, Plasma Radiation, Poisson Equation, Radiative Transfer},
     year = 1992,
    month = jun,
   volume = 80,
    pages = {753-790},
      doi = {10.1086/191680},
   adsurl = {http://adsabs.harvard.edu/abs/1992ApJS...80..753S},
  adsnote = {Provided by the SAO/NASA Astrophysics Data System}
}

@ARTICLE{begelman1991,
   author = {{Begelman}, M. and {de Kool}, M. and {Sikora}, M.},
    title = "{Outflows driven by cosmic-ray pressure in broad absorption line QSOs}",
  journal = {\apj},
 keywords = {Absorption Spectra, Active Galactic Nuclei, Cosmic Rays, Quasars, Astronomical Models, Emission Spectra, Galactic Radiation, Radiation Pressure, Relativistic Particles},
     year = 1991,
    month = dec,
   volume = 382,
    pages = {416-432},
      doi = {10.1086/170731},
   adsurl = {http://adsabs.harvard.edu/abs/1991ApJ...382..416B},
  adsnote = {Provided by the SAO/NASA Astrophysics Data System}
}

@ARTICLE{1990ApJ...365..321S,
   author = {{Stevens}, I.~R. and {Kallman}, T.~R.},
    title = "{X-ray illuminated stellar winds - Ionization effects in the radiative driving of stellar winds in massive X-ray binary systems}",
  journal = {\apj},
 keywords = {Ionized Gases, Radiative Transfer, Stellar Winds, Supergiant Stars, X Ray Binaries, Computational Astrophysics, Stellar Mass Accretion, Stellar Mass Ejection, Stellar Spectra, X Ray Spectra},
     year = 1990,
    month = dec,
   volume = 365,
    pages = {321-331},
      doi = {10.1086/169486},
   adsurl = {http://adsabs.harvard.edu/abs/1990ApJ...365..321S},
  adsnote = {Provided by the SAO/NASA Astrophysics Data System}
}

@ARTICLE{shlosman1985,
   author = {{Shlosman}, I. and {Vitello}, P.~A. and {Shaviv}, G.},
    title = "{Active galactic nuclei - Internal dynamics and formation of emission clouds}",
  journal = {\apj},
 keywords = {Accretion Disks, Active Galactic Nuclei, Black Holes (Astronomy), Cosmic Plasma, Clouds, Emission Spectra, Galactic Structure, Luminosity, Lyman Alpha Radiation, Opacity, Optical Thickness, Photosphere, Steady State, Ultraviolet Spectra},
     year = 1985,
    month = jul,
   volume = 294,
    pages = {96-105},
      doi = {10.1086/163278},
   adsurl = {http://adsabs.harvard.edu/abs/1985ApJ...294...96S},
  adsnote = {Provided by the SAO/NASA Astrophysics Data System}
}

@ARTICLE{1983ApJ...271...70B,
   author = {{Begelman}, M.~C. and {McKee}, C.~F. and {Shields}, G.~A.},
    title = "{Compton heated winds and coronae above accretion disks. I Dynamics}",
  journal = {\apj},
 keywords = {Accretion Disks, Stellar Coronas, Stellar Mass Accretion, Stellar Winds, X Ray Astronomy, Active Galactic Nuclei, Binary Stars, Hydrodynamic Equations, Quasars, Stellar Mass Ejection, X Ray Binaries, X Ray Sources},
     year = 1983,
    month = aug,
   volume = 271,
    pages = {70-88},
      doi = {10.1086/161178},
   adsurl = {http://adsabs.harvard.edu/abs/1983ApJ...271...70B},
  adsnote = {Provided by the SAO/NASA Astrophysics Data System}
}

@ARTICLE{weymann1982,
   author = {{Weymann}, R.~J. and {Scott}, J.~S. and {Schiano}, A.~V.~R. and 
	{Christiansen}, W.~A.},
    title = "{A thermal wind model for the broad emission line region of quasars}",
  journal = {\apj},
 keywords = {Astronomical Models, Emission Spectra, Quasars, Relativistic Particles, Thermal Plasmas, Bremsstrahlung, Flux (Rate), Line Spectra, Luminosity, Numerical Integration, Particle Trajectories, Stellar Winds},
     year = 1982,
    month = nov,
   volume = 262,
    pages = {497-510},
      doi = {10.1086/160443},
   adsurl = {http://adsabs.harvard.edu/abs/1982ApJ...262..497W},
  adsnote = {Provided by the SAO/NASA Astrophysics Data System}
}

@ARTICLE{1982MNRAS.199..883B,
   author = {{Blandford}, R.~D. and {Payne}, D.~G.},
    title = "{Hydromagnetic flows from accretion discs and the production of radio jets}",
  journal = {\mnras},
 keywords = {Astrophysics, Energy Transfer, Magnetohydrodynamic Flow, Momentum Transfer, Radio Jets (Astronomy), Stellar Mass Accretion, Angular Momentum, Black Holes (Astronomy), Critical Point, Disks (Shapes), Solar Corona},
     year = 1982,
    month = jun,
   volume = 199,
    pages = {883-903},
   adsurl = {http://adsabs.harvard.edu/abs/1982MNRAS.199..883B},
  adsnote = {Provided by the SAO/NASA Astrophysics Data System}
}

