
@ARTICLE{2013MNRAS.432.1525B,
   author = {{Baskin}, A. and {Laor}, A. and {Hamann}, F.},
    title = "{The average absorption properties of broad absorption line quasars at 800 {\lt} {$\lambda$}$_{rest}$ {\lt} 3000 {\AA}, and the underlying physical parameters}",
  journal = {\mnras},
archivePrefix = "arXiv",
   eprint = {1304.0986},
 primaryClass = "astro-ph.CO",
 keywords = {galaxies: active, quasars: absorption lines, quasars: general},
     year = 2013,
    month = jun,
   volume = 432,
    pages = {1525-1543},
      doi = {10.1093/mnras/stt582},
   adsurl = {http://adsabs.harvard.edu/abs/2013MNRAS.432.1525B},
  adsnote = {Provided by the SAO/NASA Astrophysics Data System}
}

@ARTICLE{2013MNRAS.429.1872C,
   author = {{Capellupo}, D.~M. and {Hamann}, F. and {Shields}, J.~C. and 
	{Halpern}, J.~P. and {Barlow}, T.~A.},
    title = "{Variability in quasar broad absorption line outflows - III. What happens on the shortest time-scales?}",
  journal = {\mnras},
archivePrefix = "arXiv",
   eprint = {1211.4868},
 keywords = {galaxies: active, quasars: absorption lines, quasars: general},
     year = 2013,
    month = mar,
   volume = 429,
    pages = {1872-1886},
      doi = {10.1093/mnras/sts427},
   adsurl = {http://adsabs.harvard.edu/abs/2013MNRAS.429.1872C},
  adsnote = {Provided by the SAO/NASA Astrophysics Data System}
}

@ARTICLE{2013ApJ...762...49B,
   author = {{Borguet}, B.~C.~J. and {Arav}, N. and {Edmonds}, D. and {Chamberlain}, C. and 
	{Benn}, C.},
    title = "{Major Contributor to AGN Feedback: VLT X-shooter Observations of S IV BALQSO Outflows}",
  journal = {\apj},
archivePrefix = "arXiv",
   eprint = {1211.6250},
 keywords = {galaxies: individual: SDSS J1106+1939 SDSS J1512+1119, quasars: absorption lines, quasars: general},
     year = 2013,
    month = jan,
   volume = 762,
      eid = {49},
    pages = {49},
      doi = {10.1088/0004-637X/762/1/49},
   adsurl = {http://adsabs.harvard.edu/abs/2013ApJ...762...49B},
  adsnote = {Provided by the SAO/NASA Astrophysics Data System}
}

@ARTICLE{filizak2012,
   author = {{Filiz Ak}, N. and {Brandt}, W.~N. and {Hall}, P.~B. and {Schneider}, D.~P. and 
	{Anderson}, S.~F. and {Gibson}, R.~R. and {Lundgren}, B.~F. and 
	{Myers}, A.~D. and {Petitjean}, P. and {Ross}, N.~P. and {Shen}, Y. and 
	{York}, D.~G. and {Bizyaev}, D. and {Brinkmann}, J. and {Malanushenko}, E. and 
	{Oravetz}, D.~J. and {Pan}, K. and {Simmons}, A.~E. and {Weaver}, B.~A.
	},
    title = "{Broad Absorption Line Disappearance on Multi-year Timescales in a Large Quasar Sample}",
  journal = {\apj},
archivePrefix = "arXiv",
   eprint = {1208.0836},
 keywords = {quasars: absorption lines},
     year = 2012,
    month = oct,
   volume = 757,
      eid = {114},
    pages = {114},
      doi = {10.1088/0004-637X/757/2/114},
   adsurl = {http://adsabs.harvard.edu/abs/2012ApJ...757..114F},
  adsnote = {Provided by the SAO/NASA Astrophysics Data System}
}

@ARTICLE{2012MNRAS.422.3249C,
   author = {{Capellupo}, D.~M. and {Hamann}, F. and {Shields}, J.~C. and 
	{Rodr{\'{\i}}guez Hidalgo}, P. and {Barlow}, T.~A.},
    title = "{Variability in quasar broad absorption line outflows - II. Multi-epoch monitoring of Si IV and C IV broad absorption line variability}",
  journal = {\mnras},
archivePrefix = "arXiv",
   eprint = {1203.1051},
 keywords = {galaxies: active, quasars: absorption lines, quasars: general},
     year = 2012,
    month = jun,
   volume = 422,
    pages = {3249-3267},
      doi = {10.1111/j.1365-2966.2012.20846.x},
   adsurl = {http://adsabs.harvard.edu/abs/2012MNRAS.422.3249C},
  adsnote = {Provided by the SAO/NASA Astrophysics Data System}
}

@ARTICLE{2012ApJ...752..162S,
   author = {{Shull}, J.~M. and {Stevans}, M. and {Danforth}, C.~W.},
    title = "{HST-COS Observations of AGNs. I. Ultraviolet Composite Spectra of the Ionizing Continuum and Emission Lines}",
  journal = {\apj},
archivePrefix = "arXiv",
   eprint = {1204.3908},
 keywords = {galaxies: active, line: profiles, quasars: emission lines, ultraviolet: galaxies},
     year = 2012,
    month = jun,
   volume = 752,
      eid = {162},
    pages = {162},
      doi = {10.1088/0004-637X/752/2/162},
   adsurl = {http://adsabs.harvard.edu/abs/2012ApJ...752..162S},
  adsnote = {Provided by the SAO/NASA Astrophysics Data System}
}

@ARTICLE{2012MNRAS.421L.107V,
   author = {{Vivek}, M. and {Srianand}, R. and {Mahabal}, A. and {Kuriakose}, V.~C.
	},
    title = "{Dynamically evolving Mg II broad absorption line flow in SDSS J133356.02+001229.1}",
  journal = {\mnras},
archivePrefix = "arXiv",
   eprint = {1201.0431},
 keywords = {galaxies: active, quasars: absorption lines, quasars: general, quasars: individual: J133356.02+001229.1},
     year = 2012,
    month = mar,
   volume = 421,
    pages = {L107-L111},
      doi = {10.1111/j.1745-3933.2012.01216.x},
   adsurl = {http://adsabs.harvard.edu/abs/2012MNRAS.421L.107V},
  adsnote = {Provided by the SAO/NASA Astrophysics Data System}
}

@ARTICLE{faucher2012,
   author = {{Faucher-Gigu{\`e}re}, C.-A. and {Quataert}, E. and {Murray}, N.
	},
    title = "{A physical model of FeLoBALs: implications for quasar feedback}",
  journal = {\mnras},
archivePrefix = "arXiv",
   eprint = {1108.0413},
 keywords = {galaxies: active, galaxies: evolution, quasars: absorption lines, quasars: general, cosmology: theory},
     year = 2012,
    month = feb,
   volume = 420,
    pages = {1347-1354},
      doi = {10.1111/j.1365-2966.2011.20120.x},
   adsurl = {http://adsabs.harvard.edu/abs/2012MNRAS.420.1347F},
  adsnote = {Provided by the SAO/NASA Astrophysics Data System}
}

@ARTICLE{2012ApJ...745..178F,
   author = {{Farrah}, D. and {Urrutia}, T. and {Lacy}, M. and {Efstathiou}, A. and 
	{Afonso}, J. and {Coppin}, K. and {Hall}, P.~B. and {Lonsdale}, C. and 
	{Jarrett}, T. and {Bridge}, C. and {Borys}, C. and {Petty}, S.
	},
    title = "{Direct Evidence for Termination of Obscured Star Formation by Radiatively Driven Outflows in Reddened QSOs}",
  journal = {\apj},
archivePrefix = "arXiv",
   eprint = {1112.1092},
 keywords = {accretion, accretion disks, galaxies: starburst, infrared: galaxies, quasars: absorption lines, quasars: general},
     year = 2012,
    month = feb,
   volume = 745,
      eid = {178},
    pages = {178},
      doi = {10.1088/0004-637X/745/2/178},
   adsurl = {http://adsabs.harvard.edu/abs/2012ApJ...745..178F},
  adsnote = {Provided by the SAO/NASA Astrophysics Data System}
}

@ARTICLE{giustini2011,
   author = {{Giustini}, M. and {Cappi}, M. and {Chartas}, G. and {Dadina}, M. and 
	{Eracleous}, M. and {Ponti}, G. and {Proga}, D. and {Tombesi}, F. and 
	{Vignali}, C. and {Palumbo}, G.~G.~C.},
    title = "{Variable X-ray absorption in the mini-BAL QSO PG 1126-041}",
  journal = {\aap},
archivePrefix = "arXiv",
   eprint = {1109.6026},
 keywords = {techniques: spectroscopic, techniques: photometric, accretion, accretion disks, methods: data analysis, quasars: individual: PG 1126-041, X-rays: individuals: PG 1126-041},
     year = 2011,
    month = dec,
   volume = 536,
      eid = {A49},
    pages = {A49},
      doi = {10.1051/0004-6361/201117732},
   adsurl = {http://adsabs.harvard.edu/abs/2011A%26A...536A..49G},
  adsnote = {Provided by the SAO/NASA Astrophysics Data System}
}

@ARTICLE{2011ApJ...737...46M,
   author = {{Morabito}, L.~K. and {Dai}, X. and {Leighly}, K.~M. and {Sivakoff}, G.~R. and 
	{Shankar}, F.},
    title = "{Suzaku Observations of Three FeLoBAL Quasi-stellar Objects: SDSS J0943+5417, J1352+4239, and J1723+5553}",
  journal = {\apj},
archivePrefix = "arXiv",
   eprint = {1011.4327},
 keywords = {quasars: absorption lines, quasars: general, quasars: individual: SDSS J0943+5417 SDSS J1352+4239 SDSS J1723+5553, X-rays: galaxies},
     year = 2011,
    month = aug,
   volume = 737,
      eid = {46},
    pages = {46},
      doi = {10.1088/0004-637X/737/1/46},
   adsurl = {http://adsabs.harvard.edu/abs/2011ApJ...737...46M},
  adsnote = {Provided by the SAO/NASA Astrophysics Data System}
}

@ARTICLE{2011MNRAS.413..908C,
   author = {{Capellupo}, D.~M. and {Hamann}, F. and {Shields}, J.~C. and 
	{Rodr{\'{\i}}guez Hidalgo}, P. and {Barlow}, T.~A.},
    title = "{Variability in quasar broad absorption line outflows - I. Trends in the short-term versus long-term data}",
  journal = {\mnras},
archivePrefix = "arXiv",
   eprint = {1012.2336},
 keywords = {galaxies: active, quasars: absorption lines, quasars: general},
     year = 2011,
    month = may,
   volume = 413,
    pages = {908-920},
      doi = {10.1111/j.1365-2966.2010.18185.x},
   adsurl = {http://adsabs.harvard.edu/abs/2011MNRAS.413..908C},
  adsnote = {Provided by the SAO/NASA Astrophysics Data System}
}

@ARTICLE{2011AJ....141..167R,
   author = {{Richards}, G.~T. and {Kruczek}, N.~E. and {Gallagher}, S.~C. and 
	{Hall}, P.~B. and {Hewett}, P.~C. and {Leighly}, K.~M. and {Deo}, R.~P. and 
	{Kratzer}, R.~M. and {Shen}, Y.},
    title = "{Unification of Luminous Type 1 Quasars through C IV Emission}",
  journal = {\aj},
archivePrefix = "arXiv",
   eprint = {1011.2282},
 keywords = {line: profiles, quasars: absorption lines, quasars: emission lines, quasars: general, radio continuum: galaxies},
     year = 2011,
    month = may,
   volume = 141,
      eid = {167},
    pages = {167},
      doi = {10.1088/0004-6256/141/5/167},
   adsurl = {http://adsabs.harvard.edu/abs/2011AJ....141..167R},
  adsnote = {Provided by the SAO/NASA Astrophysics Data System}
}

@ARTICLE{hall2011,
   author = {{Hall}, P.~B. and {Anosov}, K. and {White}, R.~L. and {Brandt}, W.~N. and 
	{Gregg}, M.~D. and {Gibson}, R.~R. and {Becker}, R.~H. and {Schneider}, D.~P.
	},
    title = "{Implications of dramatic broad absorption line variability in the quasar FBQS J1408+3054}",
  journal = {\mnras},
archivePrefix = "arXiv",
   eprint = {1010.3728},
 keywords = {galaxies: active, quasars: absorption lines, quasars: general, quasars: individual: FBQS J1408+3054},
     year = 2011,
    month = mar,
   volume = 411,
    pages = {2653-2666},
      doi = {10.1111/j.1365-2966.2010.17870.x},
   adsurl = {http://adsabs.harvard.edu/abs/2011MNRAS.411.2653H},
  adsnote = {Provided by the SAO/NASA Astrophysics Data System}
}

@ARTICLE{2011ApJ...729...34B,
   author = {{Blackburne}, J.~A. and {Pooley}, D. and {Rappaport}, S. and 
	{Schechter}, P.~L.},
    title = "{Sizes and Temperature Profiles of Quasar Accretion Disks from Chromatic Microlensing}",
  journal = {\apj},
archivePrefix = "arXiv",
   eprint = {1007.1665},
 primaryClass = "astro-ph.CO",
 keywords = {accretion, accretion disks, gravitational lensing: strong, quasars: general},
     year = 2011,
    month = mar,
   volume = 729,
      eid = {34},
    pages = {34},
      doi = {10.1088/0004-637X/729/1/34},
   adsurl = {http://adsabs.harvard.edu/abs/2011ApJ...729...34B},
  adsnote = {Provided by the SAO/NASA Astrophysics Data System}
}

@ARTICLE{2011PASP..123..187M,
   author = {{Martini}, P. and {Stoll}, R. and {Derwent}, M.~A. and {Zhelem}, R. and 
	{Atwood}, B. and {Gonzalez}, R. and {Mason}, J.~A. and {O'Brien}, T.~P. and 
	{Pappalardo}, D.~P. and {Pogge}, R.~W. and {Ward}, B. and {Wong}, M.-H.
	},
    title = "{The Ohio State Multi-Object Spectrograph}",
  journal = {\pasp},
 keywords = {Astronomical Instrumentation},
     year = 2011,
    month = feb,
   volume = 123,
    pages = {187-197},
      doi = {10.1086/658357},
   adsurl = {http://adsabs.harvard.edu/abs/2011PASP..123..187M},
  adsnote = {Provided by the SAO/NASA Astrophysics Data System}
}

@ARTICLE{2011NewA...16..128R,
   author = {{Rogerson}, J.~A. and {Hall}, P.~B. and {Snedden}, S.~A. and 
	{Brotherton}, M.~S. and {Anderson}, S.~F.},
    title = "{Chandra X-ray observations of two unusual BAL quasars}",
  journal = {\na},
archivePrefix = "arXiv",
   eprint = {1007.3464},
 primaryClass = "astro-ph.CO",
     year = 2011,
    month = feb,
   volume = 16,
    pages = {128-137},
      doi = {10.1016/j.newast.2010.07.002},
   adsurl = {http://adsabs.harvard.edu/abs/2011NewA...16..128R},
  adsnote = {Provided by the SAO/NASA Astrophysics Data System}
}

@ARTICLE{2011MNRAS.411..247R,
   author = {{Rodr{\'{\i}}guez Hidalgo}, P. and {Hamann}, F. and {Hall}, P.
	},
    title = "{The extremely high velocity outflow in quasar PG0935+417}",
  journal = {\mnras},
archivePrefix = "arXiv",
   eprint = {1009.1890},
 keywords = {galaxies: active, quasars: absorption lines, quasars: general, quasars: individual: PG0935+417},
     year = 2011,
    month = feb,
   volume = 411,
    pages = {247-259},
      doi = {10.1111/j.1365-2966.2010.17677.x},
   adsurl = {http://adsabs.harvard.edu/abs/2011MNRAS.411..247R},
  adsnote = {Provided by the SAO/NASA Astrophysics Data System}
}

@ARTICLE{2011ApJ...728...94L,
   author = {{Leighly}, K.~M. and {Dietrich}, M. and {Barber}, S.},
    title = "{The Discovery of the First He I{$\lambda$}10830 Broad Absorption Line Quasar}",
  journal = {\apj},
 keywords = {quasars: absorption lines, quasars: individual: FBQS J1151+3822},
     year = 2011,
    month = feb,
   volume = 728,
      eid = {94},
    pages = {94},
      doi = {10.1088/0004-637X/728/2/94},
   adsurl = {http://adsabs.harvard.edu/abs/2011ApJ...728...94L},
  adsnote = {Provided by the SAO/NASA Astrophysics Data System}
}

@ARTICLE{hamann2011,
   author = {{Hamann}, F. and {Kanekar}, N. and {Prochaska}, J.~X. and {Murphy}, M.~T. and 
	{Ellison}, S. and {Malec}, A.~L. and {Milutinovic}, N. and {Ubachs}, W.
	},
    title = "{A high-velocity narrow absorption line outflow in the quasar J212329.46 - 005052.9}",
  journal = {\mnras},
archivePrefix = "arXiv",
   eprint = {1008.3728},
 keywords = {galaxies: active, quasars: absorption lines, quasars: general, quasars: individual: J212329.46 - 005052.9},
     year = 2011,
    month = jan,
   volume = 410,
    pages = {1957-1974},
      doi = {10.1111/j.1365-2966.2010.17575.x},
   adsurl = {http://adsabs.harvard.edu/abs/2011MNRAS.410.1957H},
  adsnote = {Provided by the SAO/NASA Astrophysics Data System}
}

@ARTICLE{2010MNRAS.408.1396S,
   author = {{Sim}, S.~A. and {Proga}, D. and {Miller}, L. and {Long}, K.~S. and 
	{Turner}, T.~J.},
    title = "{Multidimensional modelling of X-ray spectra for AGN accretion disc outflows - III. Application to a hydrodynamical simulation}",
  journal = {\mnras},
archivePrefix = "arXiv",
   eprint = {1006.3449},
 primaryClass = "astro-ph.HE",
 keywords = {radiative transfer, methods: numerical, galaxies: active, X-rays: galaxies},
     year = 2010,
    month = nov,
   volume = 408,
    pages = {1396-1408},
      doi = {10.1111/j.1365-2966.2010.17215.x},
   adsurl = {http://adsabs.harvard.edu/abs/2010MNRAS.408.1396S},
  adsnote = {Provided by the SAO/NASA Astrophysics Data System}
}

@ARTICLE{2010ApJ...724..762W,
   author = {{Wu}, J. and {Brandt}, W.~N. and {Comins}, M.~L. and {Gibson}, R.~R. and 
	{Shemmer}, O. and {Garmire}, G.~P. and {Schneider}, D.~P.},
    title = "{The X-ray Properties of the Optically Brightest Mini-Bal Quasars from the Sloan Digital Sky Survey}",
  journal = {\apj},
archivePrefix = "arXiv",
   eprint = {1009.3928},
 keywords = {galaxies: active, galaxies: nuclei, quasars: absorption lines, quasars: emission lines, X-rays: galaxies},
     year = 2010,
    month = nov,
   volume = 724,
    pages = {762-778},
      doi = {10.1088/0004-637X/724/1/762},
   adsurl = {http://adsabs.harvard.edu/abs/2010ApJ...724..762W},
  adsnote = {Provided by the SAO/NASA Astrophysics Data System}
}

@ARTICLE{2010ApJ...723L.228F,
   author = {{Fukumura}, K. and {Kazanas}, D. and {Contopoulos}, I. and {Behar}, E.
	},
    title = "{Modeling High-velocity QSO Absorbers with Photoionized Magnetohydrodynamic Disk Winds}",
  journal = {\apjl},
archivePrefix = "arXiv",
   eprint = {1009.5644},
 primaryClass = "astro-ph.HE",
 keywords = {accretion, accretion disks, galaxies: active, methods: numerical, quasars: absorption lines, X-rays: galaxies},
     year = 2010,
    month = nov,
   volume = 723,
    pages = {L228-L232},
      doi = {10.1088/2041-8205/723/2/L228},
   adsurl = {http://adsabs.harvard.edu/abs/2010ApJ...723L.228F},
  adsnote = {Provided by the SAO/NASA Astrophysics Data System}
}

@ARTICLE{2010ApJ...719.1890M,
   author = {{Misawa}, T. and {Kawabata}, K.~S. and {Eracleous}, M. and {Charlton}, J.~C. and 
	{Kashikawa}, N.},
    title = "{A Spectropolarimetric Test of the Structure of the Intrinsic Absorbers in the Quasar HS 1603+3820}",
  journal = {\apj},
archivePrefix = "arXiv",
   eprint = {1007.0448},
 keywords = {quasars: absorption lines, quasars: individual: HS 1603+3820},
     year = 2010,
    month = aug,
   volume = 719,
    pages = {1890-1895},
      doi = {10.1088/0004-637X/719/2/1890},
   adsurl = {http://adsabs.harvard.edu/abs/2010ApJ...719.1890M},
  adsnote = {Provided by the SAO/NASA Astrophysics Data System}
}

@ARTICLE{2010MNRAS.405.2302H,
   author = {{Hewett}, P.~C. and {Wild}, V.},
    title = "{Improved redshifts for SDSS quasar spectra}",
  journal = {\mnras},
archivePrefix = "arXiv",
   eprint = {1003.3017},
 keywords = {catalogues, surveys, quasars: emission lines, quasars: general},
     year = 2010,
    month = jul,
   volume = 405,
    pages = {2302-2316},
      doi = {10.1111/j.1365-2966.2010.16648.x},
   adsurl = {http://adsabs.harvard.edu/abs/2010MNRAS.405.2302H},
  adsnote = {Provided by the SAO/NASA Astrophysics Data System}
}

@ARTICLE{2010ApJ...713..220G,
   author = {{Gibson}, R.~R. and {Brandt}, W.~N. and {Gallagher}, S.~C. and 
	{Hewett}, P.~C. and {Schneider}, D.~P.},
    title = "{The Evolution of Quasar C IV and Si IV Broad Absorption Lines over Multi-year Timescales}",
  journal = {\apj},
archivePrefix = "arXiv",
   eprint = {1003.5600},
 keywords = {galaxies: active, galaxies: nuclei, quasars: absorption lines, quasars: emission lines, quasars: individual: LBQS 0009+0219 LBQS 0019+0107 LBQS 0021{\ndash}0213 LBQS 0022+0150 LBQS 0025{\ndash}0151 LBQS 0029+0017 LBQS 1231+1320 LBQS 1235+0857 LBQS 1235+1453 LBQS 1240+1607 LBQS 1243+0121 LBQS 1314+0116 LBQS 1442{\ndash}0011 LBQS 1443+0141, X-rays: general},
     year = 2010,
    month = apr,
   volume = 713,
    pages = {220-231},
      doi = {10.1088/0004-637X/713/1/220},
   adsurl = {http://adsabs.harvard.edu/abs/2010ApJ...713..220G},
  adsnote = {Provided by the SAO/NASA Astrophysics Data System}
}

@ARTICLE{2010ApJ...709..611D,
   author = {{Dunn}, J.~P. and {Bautista}, M. and {Arav}, N. and {Moe}, M. and 
	{Korista}, K. and {Costantini}, E. and {Benn}, C. and {Ellison}, S. and 
	{Edmonds}, D.},
    title = "{The Quasar Outflow Contribution to AGN Feedback: VLT Measurements of SDSS J0318-0600}",
  journal = {\apj},
archivePrefix = "arXiv",
   eprint = {0911.3896},
 keywords = {quasars: absorption lines, quasars: individual: SDSS J0318-0600},
     year = 2010,
    month = feb,
   volume = 709,
    pages = {611-631},
      doi = {10.1088/0004-637X/709/2/611},
   adsurl = {http://adsabs.harvard.edu/abs/2010ApJ...709..611D},
  adsnote = {Provided by the SAO/NASA Astrophysics Data System}
}

@ARTICLE{2009ApJ...706..525M,
   author = {{Moe}, M. and {Arav}, N. and {Bautista}, M.~A. and {Korista}, K.~T.
	},
    title = "{Quasar Outflow Contribution to AGN Feedback: Observations of QSO SDSS J0838+2955}",
  journal = {\apj},
archivePrefix = "arXiv",
   eprint = {0911.3332},
 keywords = {galaxies: evolution, quasars: absorption lines, quasars: individual: SDSS J0838 + 2955},
     year = 2009,
    month = nov,
   volume = 706,
    pages = {525-534},
      doi = {10.1088/0004-637X/706/1/525},
   adsurl = {http://adsabs.harvard.edu/abs/2009ApJ...706..525M},
  adsnote = {Provided by the SAO/NASA Astrophysics Data System}
}

@ARTICLE{2009NewAR..53..128C,
   author = {{Chartas}, G. and {Charlton}, J. and {Eracleous}, M. and {Giustini}, M. and 
	{Hidalgo}, P.~R. and {Ganguly}, R. and {Hamann}, F. and {Misawa}, T. and 
	{Tytler}, D.},
    title = "{High velocity outflows in narrow absorption line quasars}",
  journal = {\nar},
archivePrefix = "arXiv",
   eprint = {0907.3464},
     year = 2009,
    month = jul,
   volume = 53,
    pages = {128-132},
      doi = {10.1016/j.newar.2009.07.010},
   adsurl = {http://adsabs.harvard.edu/abs/2009NewAR..53..128C},
  adsnote = {Provided by the SAO/NASA Astrophysics Data System}
}

@ARTICLE{2009ApJ...697..160B,
   author = {{Bentz}, M.~C. and {Peterson}, B.~M. and {Netzer}, H. and {Pogge}, R.~W. and 
	{Vestergaard}, M.},
    title = "{The Radius-Luminosity Relationship for Active Galactic Nuclei: The Effect of Host-Galaxy Starlight on Luminosity Measurements. II. The Full Sample of Reverberation-Mapped AGNs}",
  journal = {\apj},
archivePrefix = "arXiv",
   eprint = {0812.2283},
 keywords = {galaxies: active, galaxies: nuclei, galaxies: photometry, galaxies: Seyfert},
     year = 2009,
    month = may,
   volume = 697,
    pages = {160-181},
      doi = {10.1088/0004-637X/697/1/160},
   adsurl = {http://adsabs.harvard.edu/abs/2009ApJ...697..160B},
  adsnote = {Provided by the SAO/NASA Astrophysics Data System}
}

@ARTICLE{2009ApJ...696..924G,
   author = {{Gibson}, R.~R. and {Brandt}, W.~N. and {Gallagher}, S.~C. and 
	{Schneider}, D.~P.},
    title = "{X-ray Insights into the Physics of Mini-BAL Quasar Outflows}",
  journal = {\apj},
archivePrefix = "arXiv",
   eprint = {0902.0951},
 primaryClass = "astro-ph.GA",
 keywords = {galaxies: active, galaxies: nuclei, quasars: absorption lines, quasars: emission lines, X-rays: general},
     year = 2009,
    month = may,
   volume = 696,
    pages = {924-940},
      doi = {10.1088/0004-637X/696/1/924},
   adsurl = {http://adsabs.harvard.edu/abs/2009ApJ...696..924G},
  adsnote = {Provided by the SAO/NASA Astrophysics Data System}
}

@ARTICLE{2009ApJ...690.1006F,
   author = {{Fan}, L.~L. and {Wang}, H.~Y. and {Wang}, T. and {Wang}, J. and 
	{Dong}, X. and {Zhang}, K. and {Cheng}, F.},
    title = "{The Correlation Between X-ray and UV Properties of BAL QSOs}",
  journal = {\apj},
archivePrefix = "arXiv",
   eprint = {0809.2464},
 keywords = {quasars: absorption lines, X-rays: general},
     year = 2009,
    month = jan,
   volume = 690,
    pages = {1006-1017},
      doi = {10.1088/0004-637X/690/1/1006},
   adsurl = {http://adsabs.harvard.edu/abs/2009ApJ...690.1006F},
  adsnote = {Provided by the SAO/NASA Astrophysics Data System}
}

@ARTICLE{hamann2008_emerge,
   author = {{Hamann}, F. and {Kaplan}, K.~F. and {Rodr{\'{\i}}guez Hidalgo}, P. and 
	{Prochaska}, J.~X. and {Herbert-Fort}, S.},
    title = "{Emergence of a quasar outflow}",
  journal = {\mnras},
archivePrefix = "arXiv",
   eprint = {0808.3998},
 keywords = {galaxies: active, quasars: absorption lines, quasars: general, quasars: individual: J105400.40+034801.2},
     year = 2008,
    month = nov,
   volume = 391,
    pages = {L39-L43},
      doi = {10.1111/j.1745-3933.2008.00554.x},
   adsurl = {http://adsabs.harvard.edu/abs/2008MNRAS.391L..39H},
  adsnote = {Provided by the SAO/NASA Astrophysics Data System}
}

@ARTICLE{2008MNRAS.388..227W,
   author = {{Wild}, V. and {Kauffmann}, G. and {White}, S. and {York}, D. and 
	{Lehnert}, M. and {Heckman}, T. and {Hall}, P.~B. and {Khare}, P. and 
	{Lundgren}, B. and {Schneider}, D.~P. and {vanden Berk}, D.},
    title = "{Narrow associated quasi-stellar object absorbers: clustering, outflows and the line-of-sight proximity effect}",
  journal = {\mnras},
archivePrefix = "arXiv",
   eprint = {0802.4100},
 keywords = {accretion, accretion discs , galaxies: active , quasars: absorption lines , large-scale structure of Universe},
     year = 2008,
    month = jul,
   volume = 388,
    pages = {227-241},
      doi = {10.1111/j.1365-2966.2008.13375.x},
   adsurl = {http://adsabs.harvard.edu/abs/2008MNRAS.388..227W},
  adsnote = {Provided by the SAO/NASA Astrophysics Data System}
}

@ARTICLE{nestor2008,
   author = {{Nestor}, D. and {Hamann}, F. and {Rodriguez Hidalgo}, P.},
    title = "{The quasar-frame velocity distribution of narrow CIV absorbers}",
  journal = {\mnras},
archivePrefix = "arXiv",
   eprint = {0803.0326},
 keywords = {accretion, accretion discs , galaxies: active , intergalactic medium , quasars: absorption lines},
     year = 2008,
    month = jun,
   volume = 386,
    pages = {2055-2064},
      doi = {10.1111/j.1365-2966.2008.13156.x},
   adsurl = {http://adsabs.harvard.edu/abs/2008MNRAS.386.2055N},
  adsnote = {Provided by the SAO/NASA Astrophysics Data System}
}

@ARTICLE{2008ApJS..175..297A,
   author = {{Adelman-McCarthy}, J.~K. and {Ag{\"u}eros}, M.~A. and {Allam}, S.~S. and 
	{Allende Prieto}, C. and {Anderson}, K.~S.~J. and {Anderson}, S.~F. and 
	{Annis}, J. and {Bahcall}, N.~A. and {Bailer-Jones}, C.~A.~L. and 
	{Baldry}, I.~K. and {Barentine}, J.~C. and {Bassett}, B.~A. and 
	{Becker}, A.~C. and {Beers}, T.~C. and {Bell}, E.~F. and {Berlind}, A.~A. and 
	{Bernardi}, M. and {Blanton}, M.~R. and {Bochanski}, J.~J. and 
	{Boroski}, W.~N. and {Brinchmann}, J. and {Brinkmann}, J. and 
	{Brunner}, R.~J. and {Budav{\'a}ri}, T. and {Carliles}, S. and 
	{Carr}, M.~A. and {Castander}, F.~J. and {Cinabro}, D. and {Cool}, R.~J. and 
	{Covey}, K.~R. and {Csabai}, I. and {Cunha}, C.~E. and {Davenport}, J.~R.~A. and 
	{Dilday}, B. and {Doi}, M. and {Eisenstein}, D.~J. and {Evans}, M.~L. and 
	{Fan}, X. and {Finkbeiner}, D.~P. and {Friedman}, S.~D. and 
	{Frieman}, J.~A. and {Fukugita}, M. and {G{\"a}nsicke}, B.~T. and 
	{Gates}, E. and {Gillespie}, B. and {Glazebrook}, K. and {Gray}, J. and 
	{Grebel}, E.~K. and {Gunn}, J.~E. and {Gurbani}, V.~K. and {Hall}, P.~B. and 
	{Harding}, P. and {Harvanek}, M. and {Hawley}, S.~L. and {Hayes}, J. and 
	{Heckman}, T.~M. and {Hendry}, J.~S. and {Hindsley}, R.~B. and 
	{Hirata}, C.~M. and {Hogan}, C.~J. and {Hogg}, D.~W. and {Hyde}, J.~B. and 
	{Ichikawa}, S.-i. and {Ivezi{\'c}}, {\v Z}. and {Jester}, S. and 
	{Johnson}, J.~A. and {Jorgensen}, A.~M. and {Juri{\'c}}, M. and 
	{Kent}, S.~M. and {Kessler}, R. and {Kleinman}, S.~J. and {Knapp}, G.~R. and 
	{Kron}, R.~G. and {Krzesinski}, J. and {Kuropatkin}, N. and 
	{Lamb}, D.~Q. and {Lampeitl}, H. and {Lebedeva}, S. and {Lee}, Y.~S. and 
	{Leger}, R.~F. and {L{\'e}pine}, S. and {Lima}, M. and {Lin}, H. and 
	{Long}, D.~C. and {Loomis}, C.~P. and {Loveday}, J. and {Lupton}, R.~H. and 
	{Malanushenko}, O. and {Malanushenko}, V. and {Mandelbaum}, R. and 
	{Margon}, B. and {Marriner}, J.~P. and {Mart{\'{\i}}nez-Delgado}, D. and 
	{Matsubara}, T. and {McGehee}, P.~M. and {McKay}, T.~A. and 
	{Meiksin}, A. and {Morrison}, H.~L. and {Munn}, J.~A. and {Nakajima}, R. and 
	{Neilsen}, Jr., E.~H. and {Newberg}, H.~J. and {Nichol}, R.~C. and 
	{Nicinski}, T. and {Nieto-Santisteban}, M. and {Nitta}, A. and 
	{Okamura}, S. and {Owen}, R. and {Oyaizu}, H. and {Padmanabhan}, N. and 
	{Pan}, K. and {Park}, C. and {Peoples}, Jr., J. and {Pier}, J.~R. and 
	{Pope}, A.~C. and {Purger}, N. and {Raddick}, M.~J. and {Re Fiorentin}, P. and 
	{Richards}, G.~T. and {Richmond}, M.~W. and {Riess}, A.~G. and 
	{Rix}, H.-W. and {Rockosi}, C.~M. and {Sako}, M. and {Schlegel}, D.~J. and 
	{Schneider}, D.~P. and {Schreiber}, M.~R. and {Schwope}, A.~D. and 
	{Seljak}, U. and {Sesar}, B. and {Sheldon}, E. and {Shimasaku}, K. and 
	{Sivarani}, T. and {Smith}, J.~A. and {Snedden}, S.~A. and {Steinmetz}, M. and 
	{Strauss}, M.~A. and {SubbaRao}, M. and {Suto}, Y. and {Szalay}, A.~S. and 
	{Szapudi}, I. and {Szkody}, P. and {Tegmark}, M. and {Thakar}, A.~R. and 
	{Tremonti}, C.~A. and {Tucker}, D.~L. and {Uomoto}, A. and {Vanden Berk}, D.~E. and 
	{Vandenberg}, J. and {Vidrih}, S. and {Vogeley}, M.~S. and {Voges}, W. and 
	{Vogt}, N.~P. and {Wadadekar}, Y. and {Weinberg}, D.~H. and 
	{West}, A.~A. and {White}, S.~D.~M. and {Wilhite}, B.~C. and 
	{Yanny}, B. and {Yocum}, D.~R. and {York}, D.~G. and {Zehavi}, I. and 
	{Zucker}, D.~B.},
    title = "{The Sixth Data Release of the Sloan Digital Sky Survey}",
  journal = {\apjs},
archivePrefix = "arXiv",
   eprint = {0707.3413},
 keywords = {Atlases, Catalogs, Surveys},
     year = 2008,
    month = apr,
   volume = 175,
    pages = {297-313},
      doi = {10.1086/524984},
   adsurl = {http://adsabs.harvard.edu/abs/2008ApJS..175..297A},
  adsnote = {Provided by the SAO/NASA Astrophysics Data System}
}

@ARTICLE{misawa2008,
   author = {{Misawa}, T. and {Eracleous}, M. and {Chartas}, G. and {Charlton}, J.~C.
	},
    title = "{Exploratory Study of the X-Ray Properties of Quasars with Intrinsic Narrow Absorption Lines}",
  journal = {\apj},
archivePrefix = "arXiv",
   eprint = {0801.1692},
 keywords = {Galaxies: Active, Galaxies: Nuclei, Galaxies: Quasars: Absorption Lines, X-Rays: Galaxies},
     year = 2008,
    month = apr,
   volume = 677,
    pages = {863-879},
      doi = {10.1086/529426},
   adsurl = {http://adsabs.harvard.edu/abs/2008ApJ...677..863M},
  adsnote = {Provided by the SAO/NASA Astrophysics Data System}
}

@ARTICLE{2008ApJ...675..985G,
   author = {{Gibson}, R.~R. and {Brandt}, W.~N. and {Schneider}, D.~P. and 
	{Gallagher}, S.~C.},
    title = "{Quasar Broad Absorption Line Variability on Multiyear Timescales}",
  journal = {\apj},
archivePrefix = "arXiv",
   eprint = {0712.1831},
 keywords = {Galaxies: Active, Galaxies: Nuclei, Galaxies: Quasars: Absorption Lines, quasars: individual (LBQS 0010-0012), quasars: individual (LBQS 0018+0047), quasars: individual (LBQS 0021-0213), quasars: individual (LBQS 0051-0019), quasars: individual (LBQS 0055+0025), quasars: individual (LBQS 0109-0128), quasars: individual (LBQS 1208+1535), quasars: individual (LBQS 1213+0922), quasars: individual (LBQS 1234+0122), quasars: individual (LBQS 1235+1453), quasars: individual (LBQS 1243+0121), quasars: individual (LBQS 1314+0116), quasars: individual (LBQS 1331-0108)},
     year = 2008,
    month = mar,
   volume = 675,
    pages = {985-1001},
      doi = {10.1086/527462},
   adsurl = {http://adsabs.harvard.edu/abs/2008ApJ...675..985G},
  adsnote = {Provided by the SAO/NASA Astrophysics Data System}
}

@ARTICLE{2007ApJ...665.1004J,
   author = {{Just}, D.~W. and {Brandt}, W.~N. and {Shemmer}, O. and {Steffen}, A.~T. and 
	{Schneider}, D.~P. and {Chartas}, G. and {Garmire}, G.~P.},
    title = "{The X-Ray Properties of the Most Luminous Quasars from the Sloan Digital Sky Survey}",
  journal = {\apj},
archivePrefix = "arXiv",
   eprint = {0705.3059},
 keywords = {Galaxies: Active, Galaxies: Evolution, Galaxies: Nuclei, Methods: Statistical},
     year = 2007,
    month = aug,
   volume = 665,
    pages = {1004-1022},
      doi = {10.1086/519990},
   adsurl = {http://adsabs.harvard.edu/abs/2007ApJ...665.1004J},
  adsnote = {Provided by the SAO/NASA Astrophysics Data System}
}

@ARTICLE{2007ApJ...665..174H,
   author = {{Hall}, P.~B. and {Sadavoy}, S.~I. and {Hutsemekers}, D. and 
	{Everett}, J.~E. and {Rafiee}, A.},
    title = "{Acceleration and Substructure Constraints in a Quasar Outflow}",
  journal = {\apj},
archivePrefix = "arXiv",
   eprint = {0704.3772},
 keywords = {Galaxies: Quasars: Absorption Lines, Galaxies: Quasars: General, quasars: individual (SDSS J024221.87+004912.6)},
     year = 2007,
    month = aug,
   volume = 665,
    pages = {174-186},
      doi = {10.1086/519273},
   adsurl = {http://adsabs.harvard.edu/abs/2007ApJ...665..174H},
  adsnote = {Provided by the SAO/NASA Astrophysics Data System}
}

@ARTICLE{2007ApJ...665..157G,
   author = {{Gallagher}, S.~C. and {Hines}, D.~C. and {Blaylock}, M. and 
	{Priddey}, R.~S. and {Brandt}, W.~N. and {Egami}, E.~E.},
    title = "{Radio through X-Ray Spectral Energy Distributions of 38 Broad Absorption Line Quasars}",
  journal = {\apj},
archivePrefix = "arXiv",
   eprint = {0705.0538},
 keywords = {Galaxies: Active, Galaxies: Quasars: Absorption Lines},
     year = 2007,
    month = aug,
   volume = 665,
    pages = {157-173},
      doi = {10.1086/519438},
   adsurl = {http://adsabs.harvard.edu/abs/2007ApJ...665..157G},
  adsnote = {Provided by the SAO/NASA Astrophysics Data System}
}

@ARTICLE{misawa2007,
   author = {{Misawa}, T. and {Charlton}, J.~C. and {Eracleous}, M. and {Ganguly}, R. and 
	{Tytler}, D. and {Kirkman}, D. and {Suzuki}, N. and {Lubin}, D.
	},
    title = "{A Census of Intrinsic Narrow Absorption Lines in the Spectra of Quasars at z = 2-4}",
  journal = {\apjs},
   eprint = {astro-ph/0702101},
 keywords = {Accretion, Accretion Disks, Galaxies: Active, Galaxies: Quasars: Absorption Lines, Galaxies: Quasars: General},
     year = 2007,
    month = jul,
   volume = 171,
    pages = {1-28},
      doi = {10.1086/513713},
   adsurl = {http://adsabs.harvard.edu/abs/2007ApJS..171....1M},
  adsnote = {Provided by the SAO/NASA Astrophysics Data System}
}

@ARTICLE{2007AJ....134..102S,
   author = {{Schneider}, D.~P. and {Hall}, P.~B. and {Richards}, G.~T. and 
	{Strauss}, M.~A. and {Vanden Berk}, D.~E. and {Anderson}, S.~F. and 
	{Brandt}, W.~N. and {Fan}, X. and {Jester}, S. and {Gray}, J. and 
	{Gunn}, J.~E. and {SubbaRao}, M.~U. and {Thakar}, A.~R. and 
	{Stoughton}, C. and {Szalay}, A.~S. and {Yanny}, B. and {York}, D.~G. and 
	{Bahcall}, N.~A. and {Barentine}, J. and {Blanton}, M.~R. and 
	{Brewington}, H. and {Brinkmann}, J. and {Brunner}, R.~J. and 
	{Castander}, F.~J. and {Csabai}, I. and {Frieman}, J.~A. and 
	{Fukugita}, M. and {Harvanek}, M. and {Hogg}, D.~W. and {Ivezi{\'c}}, {\v Z}. and 
	{Kent}, S.~M. and {Kleinman}, S.~J. and {Knapp}, G.~R. and {Kron}, R.~G. and 
	{Krzesi{\'n}ski}, J. and {Long}, D.~C. and {Lupton}, R.~H. and 
	{Nitta}, A. and {Pier}, J.~R. and {Saxe}, D.~H. and {Shen}, Y. and 
	{Snedden}, S.~A. and {Weinberg}, D.~H. and {Wu}, J.},
    title = "{The Sloan Digital Sky Survey Quasar Catalog. IV. Fifth Data Release}",
  journal = {\aj},
archivePrefix = "arXiv",
   eprint = {0704.0806},
 keywords = {catalogs, quasars: general, surveys},
     year = 2007,
    month = jul,
   volume = 134,
    pages = {102-117},
      doi = {10.1086/518474},
   adsurl = {http://adsabs.harvard.edu/abs/2007AJ....134..102S},
  adsnote = {Provided by the SAO/NASA Astrophysics Data System}
}

@ARTICLE{2007ApJ...660..152M,
   author = {{Misawa}, T. and {Eracleous}, M. and {Charlton}, J.~C. and {Kashikawa}, N.
	},
    title = "{Results of Monitoring the Dramatically Variable C IV Mini-Broad Absorption Line System in the Quasar HS 1603+3820}",
  journal = {\apj},
   eprint = {astro-ph/0701661},
 keywords = {Galaxies: Quasars: Absorption Lines, Galaxies: Quasars: Individual: Alphanumeric: HS 1603+3820},
     year = 2007,
    month = may,
   volume = 660,
    pages = {152-166},
      doi = {10.1086/513097},
   adsurl = {http://adsabs.harvard.edu/abs/2007ApJ...660..152M},
  adsnote = {Provided by the SAO/NASA Astrophysics Data System}
}

@ARTICLE{2007AJ....133.1849C,
   author = {{Chartas}, G. and {Brandt}, W.~N. and {Gallagher}, S.~C. and 
	{Proga}, D.},
    title = "{XMM-Newton and Chandra Spectroscopy of the Variable High-Energy Absorption of PG 1115+080: Refined Outflow Constraints}",
  journal = {\aj},
   eprint = {astro-ph/0701104},
 keywords = {galaxies: active, gravitational lensing, quasars: absorption lines, quasars: individual: PG 1115+080: APM 08279+5225, X-rays: galaxies},
     year = 2007,
    month = may,
   volume = 133,
    pages = {1849-1860},
      doi = {10.1086/512364},
   adsurl = {http://adsabs.harvard.edu/abs/2007AJ....133.1849C},
  adsnote = {Provided by the SAO/NASA Astrophysics Data System}
}

@ARTICLE{2007ApJ...656...73L,
   author = {{Lundgren}, B.~F. and {Wilhite}, B.~C. and {Brunner}, R.~J. and 
	{Hall}, P.~B. and {Schneider}, D.~P. and {York}, D.~G. and {Vanden Berk}, D.~E. and 
	{Brinkmann}, J.},
    title = "{Broad Absorption Line Variability in Repeat Quasar Observations from the Sloan Digital Sky Survey}",
  journal = {\apj},
   eprint = {astro-ph/0610656},
 keywords = {Galaxies: Quasars: General},
     year = 2007,
    month = feb,
   volume = 656,
    pages = {73-83},
      doi = {10.1086/510202},
   adsurl = {http://adsabs.harvard.edu/abs/2007ApJ...656...73L},
  adsnote = {Provided by the SAO/NASA Astrophysics Data System}
}

@ARTICLE{2007A&A...463..513M,
   author = {{Moll}, R. and {Schindler}, S. and {Domainko}, W. and {Kapferer}, W. and 
	{Mair}, M. and {van Kampen}, E. and {Kronberger}, T. and {Kimeswenger}, S. and 
	{Ruffert}, M.},
    title = "{Simulations of metal enrichment in galaxy clusters by AGN outflows}",
  journal = {\aap},
   eprint = {astro-ph/0611048},
 keywords = {galaxies: clusters: general, galaxies: active, X-rays: galaxies: clusters, galaxies: quasars: absorption lines, galaxies: jets},
     year = 2007,
    month = feb,
   volume = 463,
    pages = {513-518},
      doi = {10.1051/0004-6361:20066386},
   adsurl = {http://adsabs.harvard.edu/abs/2007A%26A...463..513M},
  adsnote = {Provided by the SAO/NASA Astrophysics Data System}
}

@ARTICLE{2007ApJ...654..731H,
   author = {{Hopkins}, P.~F. and {Richards}, G.~T. and {Hernquist}, L.},
    title = "{An Observational Determination of the Bolometric Quasar Luminosity Function}",
  journal = {\apj},
   eprint = {astro-ph/0605678},
 keywords = {Cosmology: Observations, Galaxies: Active, Galaxies: Evolution, Galaxies: Luminosity Function, Mass Function, Infrared: Galaxies, Galaxies: Quasars: General, Ultraviolet: Galaxies, X-Rays: Galaxies},
     year = 2007,
    month = jan,
   volume = 654,
    pages = {731-753},
      doi = {10.1086/509629},
   adsurl = {http://adsabs.harvard.edu/abs/2007ApJ...654..731H},
  adsnote = {Provided by the SAO/NASA Astrophysics Data System}
}

@ARTICLE{2006ApJS..166..470R,
   author = {{Richards}, G.~T. and {Lacy}, M. and {Storrie-Lombardi}, L.~J. and 
	{Hall}, P.~B. and {Gallagher}, S.~C. and {Hines}, D.~C. and 
	{Fan}, X. and {Papovich}, C. and {Vanden Berk}, D.~E. and {Trammell}, G.~B. and 
	{Schneider}, D.~P. and {Vestergaard}, M. and {York}, D.~G. and 
	{Jester}, S. and {Anderson}, S.~F. and {Budav{\'a}ri}, T. and 
	{Szalay}, A.~S.},
    title = "{Spectral Energy Distributions and Multiwavelength Selection of Type 1 Quasars}",
  journal = {\apjs},
   eprint = {astro-ph/0601558},
 keywords = {Catalogs, Galaxies: Active, Infrared: Galaxies, Galaxies: Quasars: General, Radio Continuum: Galaxies, Surveys, Ultraviolet: Galaxies, X-Rays: Galaxies},
     year = 2006,
    month = oct,
   volume = 166,
    pages = {470-497},
      doi = {10.1086/506525},
   adsurl = {http://adsabs.harvard.edu/abs/2006ApJS..166..470R},
  adsnote = {Provided by the SAO/NASA Astrophysics Data System}
}

@ARTICLE{2006ApJ...646..742G,
   author = {{Gabel}, J.~R. and {Arav}, N. and {Kim}, T.-S.},
    title = "{The AGN Outflow in the HDF-S Target QSO J2233-606 from a High-Resolution VLT UVES Spectrum}",
  journal = {\apj},
   eprint = {astro-ph/0604357},
 keywords = {Galaxies: Abundances, Galaxies: Quasars: Absorption Lines, quasars: individual (QSO J2233-606)},
     year = 2006,
    month = aug,
   volume = 646,
    pages = {742-753},
      doi = {10.1086/505070},
   adsurl = {http://adsabs.harvard.edu/abs/2006ApJ...646..742G},
  adsnote = {Provided by the SAO/NASA Astrophysics Data System}
}

@ARTICLE{trump2006,
   author = {{Trump}, J.~R. and {Hall}, P.~B. and {Reichard}, T.~A. and {Richards}, G.~T. and 
	{Schneider}, D.~P. and {Vanden Berk}, D.~E. and {Knapp}, G.~R. and 
	{Anderson}, S.~F. and {Fan}, X. and {Brinkman}, J. and {Kleinman}, S.~J. and 
	{Nitta}, A.},
    title = "{A Catalog of Broad Absorption Line Quasars from the Sloan Digital Sky Survey Third Data Release}",
  journal = {\apjs},
   eprint = {astro-ph/0603070},
 keywords = {Catalogs, Galaxies: Active, Galaxies: Quasars: Absorption Lines, Galaxies: Quasars: Emission Lines, Galaxies: Quasars: General},
     year = 2006,
    month = jul,
   volume = 165,
    pages = {1-18},
      doi = {10.1086/503834},
   adsurl = {http://adsabs.harvard.edu/abs/2006ApJS..165....1T},
  adsnote = {Provided by the SAO/NASA Astrophysics Data System}
}

@ARTICLE{gallagher2006,
   author = {{Gallagher}, S.~C. and {Brandt}, W.~N. and {Chartas}, G. and 
	{Priddey}, R. and {Garmire}, G.~P. and {Sambruna}, R.~M.},
    title = "{An Exploratory Chandra Survey of a Well-defined Sample of 35 Large Bright Quasar Survey Broad Absorption Line Quasars}",
  journal = {\apj},
   eprint = {astro-ph/0602550},
 keywords = {Galaxies: Active, Galaxies: Quasars: Absorption Lines, Galaxies: Quasars: General, X-Rays: Galaxies},
     year = 2006,
    month = jun,
   volume = 644,
    pages = {709-724},
      doi = {10.1086/503762},
   adsurl = {http://adsabs.harvard.edu/abs/2006ApJ...644..709G},
  adsnote = {Provided by the SAO/NASA Astrophysics Data System}
}

@ARTICLE{2006AJ....131.2826S,
   author = {{Steffen}, A.~T. and {Strateva}, I. and {Brandt}, W.~N. and 
	{Alexander}, D.~M. and {Koekemoer}, A.~M. and {Lehmer}, B.~D. and 
	{Schneider}, D.~P. and {Vignali}, C.},
    title = "{The X-Ray-to-Optical Properties of Optically Selected Active Galaxies over Wide Luminosity and Redshift Ranges}",
  journal = {\aj},
   eprint = {astro-ph/0602407},
 keywords = {Galaxies: Active, Galaxies: Evolution, Galaxies: Nuclei, Methods: Statistical, Ultraviolet: Galaxies, X-Rays: Galaxies},
     year = 2006,
    month = jun,
   volume = 131,
    pages = {2826-2842},
      doi = {10.1086/503627},
   adsurl = {http://adsabs.harvard.edu/abs/2006AJ....131.2826S},
  adsnote = {Provided by the SAO/NASA Astrophysics Data System}
}

@ARTICLE{2005ApJ...631..689E,
   author = {{Everett}, J.~E.},
    title = "{Radiative Transfer and Acceleration in Magnetocentrifugal Winds}",
  journal = {\apj},
   eprint = {astro-ph/0506321},
 keywords = {Galaxies: Active, Galaxies: Jets, Hydrodynamics, Magnetohydrodynamics: MHD, Galaxies: Quasars: General, Radiative Transfer},
     year = 2005,
    month = oct,
   volume = 631,
    pages = {689-706},
      doi = {10.1086/432678},
   adsurl = {http://adsabs.harvard.edu/abs/2005ApJ...631..689E},
  adsnote = {Provided by the SAO/NASA Astrophysics Data System}
}

@ARTICLE{2005A&A...440..775K,
   author = {{Kalberla}, P.~M.~W. and {Burton}, W.~B. and {Hartmann}, D. and 
	{Arnal}, E.~M. and {Bajaja}, E. and {Morras}, R. and {P{\"o}ppel}, W.~G.~L.
	},
    title = "{The Leiden/Argentine/Bonn (LAB) Survey of Galactic HI. Final data release of the combined LDS and IAR surveys with improved stray-radiation corrections}",
  journal = {\aap},
   eprint = {astro-ph/0504140},
 keywords = {surveys, radio lines: ISM, Galaxy: structure},
     year = 2005,
    month = sep,
   volume = 440,
    pages = {775-782},
      doi = {10.1051/0004-6361:20041864},
   adsurl = {http://adsabs.harvard.edu/abs/2005A%26A...440..775K},
  adsnote = {Provided by the SAO/NASA Astrophysics Data System}
}

@ARTICLE{2005AJ....130..387S,
   author = {{Strateva}, I.~V. and {Brandt}, W.~N. and {Schneider}, D.~P. and 
	{Vanden Berk}, D.~G. and {Vignali}, C.},
    title = "{Soft X-Ray and Ultraviolet Emission Relations in Optically Selected AGN Samples}",
  journal = {\aj},
   eprint = {astro-ph/0503009},
 keywords = {Galaxies: Active, Galaxies: Evolution, Galaxies: Nuclei, Methods: Statistical, Ultraviolet: Galaxies, X-Rays: Galaxies},
     year = 2005,
    month = aug,
   volume = 130,
    pages = {387-405},
      doi = {10.1086/431247},
   adsurl = {http://adsabs.harvard.edu/abs/2005AJ....130..387S},
  adsnote = {Provided by the SAO/NASA Astrophysics Data System}
}

@ARTICLE{2005Natur.433..604D,
   author = {{Di Matteo}, T. and {Springel}, V. and {Hernquist}, L.},
    title = "{Energy input from quasars regulates the growth and activity of black holes and their host galaxies}",
  journal = {\nat},
   eprint = {astro-ph/0502199},
     year = 2005,
    month = feb,
   volume = 433,
    pages = {604-607},
      doi = {10.1038/nature03335},
   adsurl = {http://adsabs.harvard.edu/abs/2005Natur.433..604D},
  adsnote = {Provided by the SAO/NASA Astrophysics Data System}
}

@ARTICLE{2004ApJ...616..688P,
   author = {{Proga}, D. and {Kallman}, T.~R.},
    title = "{Dynamics of Line-driven Disk Winds in Active Galactic Nuclei. II. Effects of Disk Radiation}",
  journal = {\apj},
   eprint = {astro-ph/0408293},
 keywords = {Accretion, Accretion Disks, Galaxies: Active, Galaxies: Nuclei, Methods: Numerical, Galaxies: Quasars: General},
     year = 2004,
    month = dec,
   volume = 616,
    pages = {688-695},
      doi = {10.1086/425117},
   adsurl = {http://adsabs.harvard.edu/abs/2004ApJ...616..688P},
  adsnote = {Provided by the SAO/NASA Astrophysics Data System}
}

@ARTICLE{2004ApJ...611..125L,
   author = {{Leighly}, K.~M.},
    title = "{Hubble Space Telescope STIS Ultraviolet Spectral Evidence of Outflow in Extreme Narrow-Line Seyfert 1 Galaxies. II. Modeling and Interpretation}",
  journal = {\apj},
   eprint = {astro-ph/0402452},
 keywords = {Galaxies: Seyfert, Galaxies: Quasars: Emission Lines, Galaxies: Quasars: Individual: Alphanumeric: IRAS 13224-3809, Galaxies: Quasars: Individual: Alphanumeric: 1H 0707-495, Ultraviolet: Galaxies},
     year = 2004,
    month = aug,
   volume = 611,
    pages = {125-152},
      doi = {10.1086/422089},
   adsurl = {http://adsabs.harvard.edu/abs/2004ApJ...611..125L},
  adsnote = {Provided by the SAO/NASA Astrophysics Data System}
}

@ARTICLE{2004ApJ...601..715N,
   author = {{Narayanan}, D. and {Hamann}, F. and {Barlow}, T. and {Burbidge}, E.~M. and 
	{Cohen}, R.~D. and {Junkkarinen}, V. and {Lyons}, R.},
    title = "{Variability Tests for Intrinsic Absorption Lines in Quasar Spectra}",
  journal = {\apj},
   eprint = {astro-ph/0310469},
 keywords = {Line: Formation, Galaxies: Quasars: Absorption Lines, Galaxies: Quasars: General},
     year = 2004,
    month = feb,
   volume = 601,
    pages = {715-722},
      doi = {10.1086/380781},
   adsurl = {http://adsabs.harvard.edu/abs/2004ApJ...601..715N},
  adsnote = {Provided by the SAO/NASA Astrophysics Data System}
}

@ARTICLE{2003MNRAS.344..233C,
   author = {{Chelouche}, D. and {Netzer}, H.},
    title = "{Continuum shielding and flow dynamics in active galactic nuclei}",
  journal = {\mnras},
   eprint = {astro-ph/0306513},
 keywords = {ISM: jets and outflows, galaxies: active, galaxies: nuclei, quasars: absorption lines, X-rays: general},
     year = 2003,
    month = sep,
   volume = 344,
    pages = {233-241},
      doi = {10.1046/j.1365-8711.2003.06841.x},
   adsurl = {http://adsabs.harvard.edu/abs/2003MNRAS.344..233C},
  adsnote = {Provided by the SAO/NASA Astrophysics Data System}
}

@ARTICLE{grupemathur2003,
   author = {{Grupe}, D. and {Mathur}, S. and {Elvis}, M.},
    title = "{XMM-Newton Observations of Two Broad Absorption Line QSOs: Q1246-057 and SBS 1542+541}",
  journal = {\aj},
   eprint = {astro-ph/0305309},
 keywords = {Galaxies: Active, Galaxies: Quasars: General, quasars: individual (Q1246-057), quasars: individual (SBS 1542+541)},
     year = 2003,
    month = sep,
   volume = 126,
    pages = {1159-1166},
      doi = {10.1086/377141},
   adsurl = {http://adsabs.harvard.edu/abs/2003AJ....126.1159G},
  adsnote = {Provided by the SAO/NASA Astrophysics Data System}
}

@ARTICLE{2003ApJ...590...66S,
   author = {{Sabra}, B.~M. and {Hamann}, F. and {Jannuzi}, B.~T. and {George}, I.~M. and 
	{Shields}, J.~C.},
    title = "{The Nature of the Ultraviolet/X-Ray Absorber in PG 2302+029}",
  journal = {\apj},
   eprint = {astro-ph/0302555},
 keywords = {Galaxies: Active, Galaxies: Quasars: Absorption Lines, Galaxies: Quasars: Individual: Alphanumeric: PG 2302+029, X-Rays: Galaxies},
     year = 2003,
    month = jun,
   volume = 590,
    pages = {66-72},
      doi = {10.1086/375006},
   adsurl = {http://adsabs.harvard.edu/abs/2003ApJ...590...66S},
  adsnote = {Provided by the SAO/NASA Astrophysics Data System}
}

@ARTICLE{2002ApJ...579..169C,
   author = {{Chartas}, G. and {Brandt}, W.~N. and {Gallagher}, S.~C. and 
	{Garmire}, G.~P.},
    title = "{CHANDRA Detects Relativistic Broad Absorption Lines from APM 08279+5255}",
  journal = {\apj},
   eprint = {astro-ph/0207196},
 keywords = {Galaxies: Active, Cosmology: Gravitational Lensing, Galaxies: Quasars: Absorption Lines, Galaxies: Quasars: Individual: Alphanumeric: APM 08279+5255, X-Rays: Galaxies},
     year = 2002,
    month = nov,
   volume = 579,
    pages = {169-175},
      doi = {10.1086/342744},
   adsurl = {http://adsabs.harvard.edu/abs/2002ApJ...579..169C},
  adsnote = {Provided by the SAO/NASA Astrophysics Data System}
}

@ARTICLE{2002ApJ...569..671E,
   author = {{Everett}, J. and {K{\"o}nigl}, A. and {Arav}, N.},
    title = "{Observational Evidence for a Multiphase Outflow in Quasar FIRST J1044+3656}",
  journal = {\apj},
   eprint = {astro-ph/0201268},
 keywords = {Galaxies: Active, Galaxies: Seyfert, Magnetohydrodynamics: MHD, Galaxies: Quasars: Absorption Lines, Galaxies: Quasars: Individual: Alphanumeric: FIRST J104459.5+365505},
     year = 2002,
    month = apr,
   volume = 569,
    pages = {671-675},
      doi = {10.1086/339346},
   adsurl = {http://adsabs.harvard.edu/abs/2002ApJ...569..671E},
  adsnote = {Provided by the SAO/NASA Astrophysics Data System}
}

@ARTICLE{laorbrandt2002,
   author = {{Laor}, A. and {Brandt}, W.~N.},
    title = "{The Luminosity Dependence of Ultraviolet Absorption in Active Galactic Nuclei}",
  journal = {\apj},
 keywords = {Galaxies: Active, Galaxies: Quasars: Absorption Lines, X-Rays: Galaxies},
     year = 2002,
    month = apr,
   volume = 569,
    pages = {641-654},
      doi = {10.1086/339476},
   adsurl = {http://adsabs.harvard.edu/abs/2002ApJ...569..641L},
  adsnote = {Provided by the SAO/NASA Astrophysics Data System}
}

@ARTICLE{2002ApJ...567...37G,
   author = {{Gallagher}, S.~C. and {Brandt}, W.~N. and {Chartas}, G. and 
	{Garmire}, G.~P.},
    title = "{X-Ray Spectroscopy of Quasi-Stellar Objects with Broad Ultraviolet Absorption Lines}",
  journal = {\apj},
   eprint = {astro-ph/0110579},
 keywords = {Galaxies: Active, Galaxies: Quasars: Absorption Lines, X-Rays: Galaxies},
     year = 2002,
    month = mar,
   volume = 567,
    pages = {37-41},
      doi = {10.1086/338485},
   adsurl = {http://adsabs.harvard.edu/abs/2002ApJ...567...37G},
  adsnote = {Provided by the SAO/NASA Astrophysics Data System}
}

@ARTICLE{green2001,
   author = {{Green}, P.~J. and {Aldcroft}, T.~L. and {Mathur}, S. and {Wilkes}, B.~J. and 
	{Elvis}, M.},
    title = "{A Chandra Survey of Broad Absorption Line Quasars}",
  journal = {\apj},
   eprint = {astro-ph/0105258},
 keywords = {Galaxies: Active, Galaxies: Quasars: Emission Lines, Galaxies: Quasars: General, Ultraviolet: Galaxies, X-Rays: Galaxies},
     year = 2001,
    month = sep,
   volume = 558,
    pages = {109-118},
      doi = {10.1086/322311},
   adsurl = {http://adsabs.harvard.edu/abs/2001ApJ...558..109G},
  adsnote = {Provided by the SAO/NASA Astrophysics Data System}
}

@ARTICLE{2001ApJ...550..142H,
   author = {{Hamann}, F.~W. and {Barlow}, T.~A. and {Chaffee}, F.~C. and 
	{Foltz}, C.~B. and {Weymann}, R.~J.},
    title = "{High-Resolution Keck Spectra of the Associated Absorption Lines in 3C 191}",
  journal = {\apj},
   eprint = {astro-ph/0011030},
 keywords = {Galaxies: Active, Galaxies: Starburst, Galaxies: Quasars: Absorption Lines, Galaxies: Quasars: General, quasars: individual (3C 191)},
     year = 2001,
    month = mar,
   volume = 550,
    pages = {142-152},
      doi = {10.1086/319733},
   adsurl = {http://adsabs.harvard.edu/abs/2001ApJ...550..142H},
  adsnote = {Provided by the SAO/NASA Astrophysics Data System}
}

@ARTICLE{ganguly2001,
   author = {{Ganguly}, R. and {Bond}, N.~A. and {Charlton}, J.~C. and {Eracleous}, M. and 
	{Brandt}, W.~N. and {Churchill}, C.~W.},
    title = "{On the Origin of Intrinsic Narrow Absorption Lines in z{\lt}\~{}1 QSOS}",
  journal = {\apj},
   eprint = {astro-ph/0010192},
 keywords = {Galaxies: Quasars: Absorption Lines, Galaxies: Quasars: General},
     year = 2001,
    month = mar,
   volume = 549,
    pages = {133-154},
      doi = {10.1086/319082},
   adsurl = {http://adsabs.harvard.edu/abs/2001ApJ...549..133G},
  adsnote = {Provided by the SAO/NASA Astrophysics Data System}
}

@ARTICLE{2000ApJ...545...63E,
   author = {{Elvis}, M.},
    title = "{A Structure for Quasars}",
  journal = {\apj},
   eprint = {astro-ph/0008064},
 keywords = {Galaxies: Quasars: Absorption Lines, Galaxies: Quasars: General},
     year = 2000,
    month = dec,
   volume = 545,
    pages = {63-76},
      doi = {10.1086/317778},
   adsurl = {http://adsabs.harvard.edu/abs/2000ApJ...545...63E},
  adsnote = {Provided by the SAO/NASA Astrophysics Data System}
}

@ARTICLE{2000ApJ...543..686P,
   author = {{Proga}, D. and {Stone}, J.~M. and {Kallman}, T.~R.},
    title = "{Dynamics of Line-driven Disk Winds in Active Galactic Nuclei}",
  journal = {\apj},
   eprint = {astro-ph/0005315},
 keywords = {Accretion, Accretion Disks, Galaxies: Active, Hydrodynamics, Instabilities, Methods: Numerical},
     year = 2000,
    month = nov,
   volume = 543,
    pages = {686-696},
      doi = {10.1086/317154},
   adsurl = {http://adsabs.harvard.edu/abs/2000ApJ...543..686P},
  adsnote = {Provided by the SAO/NASA Astrophysics Data System}
}

@ARTICLE{2000MNRAS.316..234R,
   author = {{Reeves}, J.~N. and {Turner}, M.~J.~L.},
    title = "{X-ray spectra of a large sample of quasars with ASCA}",
  journal = {\mnras},
   eprint = {astro-ph/0003080},
 keywords = {SURVEYS, GALAXIES: ACTIVE, QUASARS: GENERAL, X-RAYS: GENERAL},
     year = 2000,
    month = aug,
   volume = 316,
    pages = {234-248},
      doi = {10.1046/j.1365-8711.2000.03510.x},
   adsurl = {http://adsabs.harvard.edu/abs/2000MNRAS.316..234R},
  adsnote = {Provided by the SAO/NASA Astrophysics Data System}
}

@ARTICLE{2000MNRAS.316..103B,
   author = {{Bottorff}, M.~C. and {Ferland}, G.~J.},
    title = "{Magnetic confinement, magnetohydrodynamic waves and smooth line profiles in active galactic nuclei}",
  journal = {\mnras},
   eprint = {astro-ph/0001532},
 keywords = {LINE: PROFILES, MAGNETIC FIELDS, MHD, GALAXIES: ACTIVE, GALAXIES: NUCLEI},
     year = 2000,
    month = jul,
   volume = 316,
    pages = {103-106},
      doi = {10.1046/j.1365-8711.2000.03465.x},
   adsurl = {http://adsabs.harvard.edu/abs/2000MNRAS.316..103B},
  adsnote = {Provided by the SAO/NASA Astrophysics Data System}
}

@ARTICLE{mathur2000,
   author = {{Mathur}, S. and {Green}, P.~J. and {Arav}, N. and {Brotherton}, M. and 
	{Crenshaw}, M. and {deKool}, M. and {Elvis}, M. and {Goodrich}, R.~W. and 
	{Hamann}, F. and {Hines}, D.~C. and {Kashyap}, V. and {Korista}, K. and 
	{Peterson}, B.~M. and {Shields}, J.~C. and {Shlosman}, I. and 
	{van Breugel}, W. and {Voit}, M.},
    title = "{Thomson Thick X-Ray Absorption in a Broad Absorption Line Quasar, PG 0946+301}",
  journal = {\apjl},
   eprint = {astro-ph/0002054},
 keywords = {GALAXIES: ACTIVE, GALAXIES: QUASARS: ABSORPTION LINES, GALAXIES: QUASARS: INDIVIDUAL: ALPHANUMERIC: PG 0946+301, X-RAYS: GALAXIES},
     year = 2000,
    month = apr,
   volume = 533,
    pages = {L79-L82},
      doi = {10.1086/312617},
   adsurl = {http://adsabs.harvard.edu/abs/2000ApJ...533L..79M},
  adsnote = {Provided by the SAO/NASA Astrophysics Data System}
}


@ARTICLE{kauffman2000,
   author = {{Kauffmann}, G. and {Haehnelt}, M.},
    title = "{A unified model for the evolution of galaxies and quasars}",
  journal = {\mnras},
   eprint = {astro-ph/9906493},
 keywords = {BLACK HOLE PHYSICS, GALAXIES: FORMATION, GALAXIES: NUCLEI, QUASARS: GENERAL},
     year = 2000,
    month = jan,
   volume = 311,
    pages = {576-588},
      doi = {10.1046/j.1365-8711.2000.03077.x},
   adsurl = {http://adsabs.harvard.edu/abs/2000MNRAS.311..576K},
  adsnote = {Provided by the SAO/NASA Astrophysics Data System}
}

@ARTICLE{brandt2000,
   author = {{Brandt}, W.~N. and {Laor}, A. and {Wills}, B.~J.},
    title = "{On the Nature of Soft X-Ray Weak Quasi-stellar Objects}",
  journal = {\apj},
   eprint = {astro-ph/9908016},
 keywords = {GALAXIES: ACTIVE, GALAXIES: NUCLEI, GALAXIES: QUASARS: GENERAL, X-RAYS: GALAXIES, Galaxies: Active, Galaxies: Nuclei, Galaxies: Quasars: General, X-Rays: Galaxies},
     year = 2000,
    month = jan,
   volume = 528,
    pages = {637-649},
      doi = {10.1086/308207},
   adsurl = {http://adsabs.harvard.edu/abs/2000ApJ...528..637B},
  adsnote = {Provided by the SAO/NASA Astrophysics Data System}
}

@ARTICLE{1999A&A...351...31D,
   author = {{Dietrich}, M. and {Wagner}, S.~J. and {Courvoisier}, T.~J.-L. and 
	{Bock}, H. and {North}, P.},
    title = "{Structure of the broad-line region of 3C 273}",
  journal = {\aap},
 keywords = {GALAXIES: ACTIVE, GALAXIES: QUASARS: EMISSION LINES, GALAXIES: QUASARS: INDIVIDUAL: 3C 273},
     year = 1999,
    month = nov,
   volume = 351,
    pages = {31-42},
   adsurl = {http://adsabs.harvard.edu/abs/1999A%26A...351...31D},
  adsnote = {Provided by the SAO/NASA Astrophysics Data System}
}

@ARTICLE{1999ApJ...519..549G,
   author = {{Gallagher}, S.~C. and {Brandt}, W.~N. and {Sambruna}, R.~M. and 
	{Mathur}, S. and {Yamasaki}, N.},
    title = "{Exploratory ASCA Observations of Broad Absorption Line Quasi-stellar Objects}",
  journal = {\apj},
   eprint = {astro-ph/9902045},
 keywords = {GALAXIES: ACTIVE, GALAXIES: QUASARS: ABSORPTION LINES, X-RAYS: GALAXIES, Galaxies: Active, Galaxies: Quasars: Absorption Lines, X-Rays: Galaxies},
     year = 1999,
    month = jul,
   volume = 519,
    pages = {549-555},
      doi = {10.1086/307405},
   adsurl = {http://adsabs.harvard.edu/abs/1999ApJ...519..549G},
  adsnote = {Provided by the SAO/NASA Astrophysics Data System}
}

@ARTICLE{1999ARA&A..37..487H,
   author = {{Hamann}, F. and {Ferland}, G.},
    title = "{Elemental Abundances in Quasistellar Objects: Star Formation and Galactic Nuclear Evolution at High Redshifts}",
  journal = {\araa},
   eprint = {astro-ph/9904223},
 keywords = {QUASARS, METALLICITY, EMISSION LINES, ABSORPTION LINES, COSMOLOGY},
     year = 1999,
   volume = 37,
    pages = {487-531},
      doi = {10.1146/annurev.astro.37.1.487},
   adsurl = {http://adsabs.harvard.edu/abs/1999ARA%26A..37..487H},
  adsnote = {Provided by the SAO/NASA Astrophysics Data System}
}

@ARTICLE{1998ApJ...509..132T,
   author = {{Telfer}, R.~C. and {Kriss}, G.~A. and {Zheng}, W. and {Davidsen}, A.~F. and 
	{Green}, R.~F.},
    title = "{The Very Highly Ionized Broad Absorption Line System of the QSO SBS 1542+541}",
  journal = {\apj},
   eprint = {astro-ph/9807182},
 keywords = {GALAXIES: QUASARS: ABSORPTION LINES, GALAXIES: QUASARS: INDIVIDUAL: ALPHANUMERIC: QSO SBS 1542+541, ULTRAVIOLET: GALAXIES, Galaxies: Quasars: Absorption Lines, Galaxies: Quasars: Individual: Alphanumeric: QSO SBS 1542+541, Ultraviolet: Galaxies},
     year = 1998,
    month = dec,
   volume = 509,
    pages = {132-145},
      doi = {10.1086/306491},
   adsurl = {http://adsabs.harvard.edu/abs/1998ApJ...509..132T},
  adsnote = {Provided by the SAO/NASA Astrophysics Data System}
}

@ARTICLE{1998A&A...331L...1S,
   author = {{Silk}, J. and {Rees}, M.~J.},
    title = "{Quasars and galaxy formation}",
  journal = {\aap},
   eprint = {astro-ph/9801013},
 keywords = {GALAXY FORMATION: SUPERMASSIVE BLACK HOLES, QUASARS: OUTFLOWS},
     year = 1998,
    month = mar,
   volume = 331,
    pages = {L1-L4},
   adsurl = {http://adsabs.harvard.edu/abs/1998A%26A...331L...1S},
  adsnote = {Provided by the SAO/NASA Astrophysics Data System}
}

@ARTICLE{1998A&A...331....1T,
   author = {{Theureau}, G.},
    title = "{Kinematics of the local universe. VI. B-band Tully-Fisher relation and mean surface brightness}",
  journal = {\aap},
 keywords = {GALAXIES: SPIRAL, GALAXIES: DISTANCES AND REDSHIFTS, COSMOLOGY: DISTANCE SCALE},
     year = 1998,
    month = mar,
   volume = 331,
    pages = {1-10},
   adsurl = {http://adsabs.harvard.edu/abs/1998A%26A...331....1T},
  adsnote = {Provided by the SAO/NASA Astrophysics Data System}
}

@ARTICLE{1997MNRAS.288.1015A,
   author = {{Arav}, N. and {Barlow}, T.~A. and {Laor}, A. and {Blandford}, R.~D.
	},
    title = "{Keck high-resolution spectroscopy of MRK 335: constraints on the number of emitting clouds in the broad-line region}",
  journal = {\mnras},
 keywords = {TECHNIQUES: SPECTROSCOPIC, GALAXIES: INDIVIDUAL: MRK 335, QUASARS: EMISSION LINES, GALAXIES: SEYFERT.},
     year = 1997,
    month = jul,
   volume = 288,
    pages = {1015-1021},
   adsurl = {http://adsabs.harvard.edu/abs/1997MNRAS.288.1015A},
  adsnote = {Provided by the SAO/NASA Astrophysics Data System}
}

@ARTICLE{1997ApJ...478...80H,
   author = {{Hamann}, F. and {Barlow}, T.~A. and {Junkkarinen}, V. and {Burbidge}, E.~M.
	},
    title = "{High-Resolution Spectra of Intrinsic Absorption Lines in the Quasi-stellar Object UM 675}",
  journal = {\apj},
 keywords = {Galaxies: Abundances, Galaxies: Quasars: Absorption Lines, quasars: individuals (UM 675)},
     year = 1997,
    month = mar,
   volume = 478,
    pages = {80-86},
   adsurl = {http://adsabs.harvard.edu/abs/1997ApJ...478...80H},
  adsnote = {Provided by the SAO/NASA Astrophysics Data System}
}

@ARTICLE{1997ApJ...474...91M,
   author = {{Murray}, N. and {Chiang}, J.},
    title = "{Disk Winds and Disk Emission Lines}",
  journal = {\apj},
 keywords = {Accretion, Accretion Disks, Galaxies: Active, Line: Formation, Stars: Novae, Cataclysmic Variables},
     year = 1997,
    month = jan,
   volume = 474,
    pages = {91-103},
   adsurl = {http://adsabs.harvard.edu/abs/1997ApJ...474...91M},
  adsnote = {Provided by the SAO/NASA Astrophysics Data System}
}

@ARTICLE{1997ApJS..109..279H,
   author = {{Hamann}, F.},
    title = "{Metal Abundances and Ionization in Quasar Intrinsic Absorbers}",
  journal = {\apjs},
   eprint = {astro-ph/9704249},
 keywords = {GALAXIES: ABUNDANCES, GALAXY: EVOLUTION, GALAXIES: QUASARS: ABSORPTION LINES, GALAXIES: GENERAL, Galaxies: Abundances, galaxy: evolution, Galaxies: Quasars: Absorption Lines, Galaxies: Quasars: General},
     year = 1997,
   volume = 109,
    pages = {279-305},
      doi = {10.1086/312980},
   adsurl = {http://adsabs.harvard.edu/abs/1997ApJS..109..279H},
  adsnote = {Provided by the SAO/NASA Astrophysics Data System}
}

@ARTICLE{1996ApJ...470L..11J,
   author = {{Jannuzi}, B.~T. and {Hartig}, G.~F. and {Kirhakos}, S. and 
	{Sargent}, W.~L.~W. and {Turnshek}, D.~A. and {Weymann}, R.~J. and 
	{Bahcall}, J.~N. and {Bergeron}, J. and {Boksenberg}, A. and 
	{Savage}, B.~D. and {Schneider}, D.~P. and {Wolfe}, A.~M.},
    title = "{The Hubble Space Telescope Quasar Absorption Line Key Project: The Unusual Absorption-Line System in the Spectrum of PG 2302+029---Ejected or Intervening?}",
  journal = {\apjl},
   eprint = {astro-ph/9608080},
 keywords = {COSMOLOGY: OBSERVATIONS, GALAXIES: CLUSTERS: GENERAL, GALAXIES: INTERGALACTIC MEDIUM, GALAXIES: QUASARS: INDIVIDUAL ALPHANUMERIC: PG 2302+029, GALAXIES: QUASARS: ABSORPTION LINES},
     year = 1996,
    month = oct,
   volume = 470,
    pages = {L11},
      doi = {10.1086/310301},
   adsurl = {http://adsabs.harvard.edu/abs/1996ApJ...470L..11J},
  adsnote = {Provided by the SAO/NASA Astrophysics Data System}
}

@ARTICLE{green1996,
   author = {{Green}, P.~J. and {Mathur}, S.},
    title = "{Broad Absorption Line Quasars Observed by the ROSAT PSPC}",
  journal = {\apj},
   eprint = {astro-ph/9512032},
 keywords = {GALAXIES: ACTIVE, GALAXIES: QUASARS: ABSORPTION LINES, X-RAYS: GALAXIES},
     year = 1996,
    month = may,
   volume = 462,
    pages = {637},
      doi = {10.1086/177178},
   adsurl = {http://adsabs.harvard.edu/abs/1996ApJ...462..637G},
  adsnote = {Provided by the SAO/NASA Astrophysics Data System}
}

@ARTICLE{1996ADNDT..64....1V,
   author = {{Verner}, D.~A. and {Verner}, E.~M. and {Ferland}, G.~J.},
    title = "{Atomic Data for Permitted Resonance Lines of Atoms and Ions from H to Si, and S, Ar, Ca, and Fe}",
  journal = {Atomic Data and Nuclear Data Tables},
     year = 1996,
   volume = 64,
    pages = {1},
      doi = {10.1006/adnd.1996.0018},
   adsurl = {http://adsabs.harvard.edu/abs/1996ADNDT..64....1V},
  adsnote = {Provided by the SAO/NASA Astrophysics Data System}
}

@ARTICLE{1995ApJ...455..448D,
   author = {{de Kool}, M. and {Begelman}, M.~C.},
    title = "{Radiation Pressure--driven Magnetic Disk Winds in Broad Absorption Line Quasi-stellar Objects}",
  journal = {\apj},
 keywords = {ACCRETION, ACCRETION DISKS, MAGNETOHYDRODYNAMICS: MHD, GALAXIES: QUASARS: ABSORPTION LINES},
     year = 1995,
    month = dec,
   volume = 455,
    pages = {448},
      doi = {10.1086/176594},
   adsurl = {http://adsabs.harvard.edu/abs/1995ApJ...455..448D},
  adsnote = {Provided by the SAO/NASA Astrophysics Data System}
}

@ARTICLE{1995ApJ...451..498M,
   author = {{Murray}, N. and {Chiang}, J. and {Grossman}, S.~A. and {Voit}, G.~M.
	},
    title = "{Accretion Disk Winds from Active Galactic Nuclei}",
  journal = {\apj},
 keywords = {ACCRETION, ACCRETION DISKS, GALAXIES: NUCLEI, GALAXIES: QUASARS: ABSORPTION LINES},
     year = 1995,
    month = oct,
   volume = 451,
    pages = {498},
      doi = {10.1086/176238},
   adsurl = {http://adsabs.harvard.edu/abs/1995ApJ...451..498M},
  adsnote = {Provided by the SAO/NASA Astrophysics Data System}
}

@ARTICLE{1995ApJ...450..559B,
   author = {{Becker}, R.~H. and {White}, R.~L. and {Helfand}, D.~J.},
    title = "{The FIRST Survey: Faint Images of the Radio Sky at Twenty Centimeters}",
  journal = {\apj},
 keywords = {RADIO CONTINUUM: GENERAL, SURVEYS},
     year = 1995,
    month = sep,
   volume = 450,
    pages = {559},
      doi = {10.1086/176166},
   adsurl = {http://adsabs.harvard.edu/abs/1995ApJ...450..559B},
  adsnote = {Provided by the SAO/NASA Astrophysics Data System}
}

@ARTICLE{1994ApJ...434..446K,
   author = {{Konigl}, A. and {Kartje}, J.~F.},
    title = "{Disk-driven hydromagnetic winds as a key ingredient of active galactic nuclei unification schemes}",
  journal = {\apj},
 keywords = {Accretion Disks, Active Galactic Nuclei, Astronomical Models, Bl Lacertae Objects, Computerized Simulation, Jet Flow, Magnetohydrodynamic Flow, Quasars, Seyfert Galaxies, Stellar Winds, Cosmic Dust, Infrared Spectra, Photoionization, Radiative Transfer, Radio Emission, Ultraviolet Spectra, X Ray Spectra},
     year = 1994,
    month = oct,
   volume = 434,
    pages = {446-467},
      doi = {10.1086/174746},
   adsurl = {http://adsabs.harvard.edu/abs/1994ApJ...434..446K},
  adsnote = {Provided by the SAO/NASA Astrophysics Data System}
}

@ARTICLE{1994ApJ...432...62A,
   author = {{Arav}, N. and {Li}, Z.-Y. and {Begelman}, M.~C.},
    title = "{Radiative acceleration in outflows from broad absorption line quasi-stellar objects. 2: Wind models}",
  journal = {\apj},
 keywords = {Absorption Spectra, Astronomical Models, Computerized Simulation, Mathematical Models, Particle Acceleration, Quasars, Radiation Pressure, Stellar Winds, Confinement, Hubble Space Telescope, Line Spectra, Ultraviolet Spectra},
     year = 1994,
    month = sep,
   volume = 432,
    pages = {62-74},
      doi = {10.1086/174549},
   adsurl = {http://adsabs.harvard.edu/abs/1994ApJ...432...62A},
  adsnote = {Provided by the SAO/NASA Astrophysics Data System}
}

@ARTICLE{1994ApJ...427..700A,
   author = {{Arav}, N. and {Li}, Z.-Y.},
    title = "{The role of radiative acceleration in outflows from broad absorption line QSOs. 1: Comparison with O star winds}",
  journal = {\apj},
 keywords = {Absorption Spectra, O Stars, Quasars, Radiant Flux Density, Radiation Pressure, Radiative Transfer, Stellar Winds, Flow Velocity, Gas Ionization, Hydrodynamics, Interstellar Gas, Resonance Lines, Stellar Mass Ejection, Velocity Distribution},
     year = 1994,
    month = jun,
   volume = 427,
    pages = {700-707},
      doi = {10.1086/174177},
   adsurl = {http://adsabs.harvard.edu/abs/1994ApJ...427..700A},
  adsnote = {Provided by the SAO/NASA Astrophysics Data System}
}

@ARTICLE{1993ApJS...88..357K,
   author = {{Korista}, K.~T. and {Voit}, G.~M. and {Morris}, S.~L. and {Weymann}, R.~J.
	},
    title = "{Double troughs in broad absorption line quasars and Ly-alpha-N V line-locking}",
  journal = {\apjs},
 keywords = {Absorption Spectra, Computerized Simulation, Kolmogorov-Smirnov Test, Lyman Alpha Radiation, Monte Carlo Method, Quasars, Emission Spectra, Pixels},
     year = 1993,
    month = oct,
   volume = 88,
    pages = {357-381},
      doi = {10.1086/191825},
   adsurl = {http://adsabs.harvard.edu/abs/1993ApJS...88..357K},
  adsnote = {Provided by the SAO/NASA Astrophysics Data System}
}

@ARTICLE{1993ApJ...415..541H,
   author = {{Hamann}, F. and {Korista}, K.~T. and {Morris}, S.~L.},
    title = "{On the Geometry, Covering Factor, and Scattering-Emission Properties of QSO Broad Absorption-Line Regions}",
  journal = {\apj},
 keywords = {GALAXIES: QUASARS: ABSORPTION LINES, RADIATIVE TRANSFER},
     year = 1993,
    month = oct,
   volume = 415,
    pages = {541},
      doi = {10.1086/173185},
   adsurl = {http://adsabs.harvard.edu/abs/1993ApJ...415..541H},
  adsnote = {Provided by the SAO/NASA Astrophysics Data System}
}

@ARTICLE{1992ApJ...387...95F,
   author = {{Ferland}, G.~J. and {Peterson}, B.~M. and {Horne}, K. and {Welsh}, W.~F. and 
	{Nahar}, S.~N.},
    title = "{Anisotropic line emission and the geometry of the broad-line region in active galactic nuclei}",
  journal = {\apj},
 keywords = {Active Galactic Nuclei, Emission Spectra, Line Spectra, Seyfert Galaxies, H Beta Line, Lyman Alpha Radiation, Photoionization, Spectral Line Width, Transfer Functions},
     year = 1992,
    month = mar,
   volume = 387,
    pages = {95-108},
      doi = {10.1086/171063},
   adsurl = {http://adsabs.harvard.edu/abs/1992ApJ...387...95F},
  adsnote = {Provided by the SAO/NASA Astrophysics Data System}
}

@ARTICLE{1992ApJ...385..460E,
   author = {{Emmering}, R.~T. and {Blandford}, R.~D. and {Shlosman}, I.},
    title = "{Magnetic acceleration of broad emission-line clouds in active galactic nuclei}",
  journal = {\apj},
 keywords = {Active Galactic Nuclei, Emission Spectra, Line Shape, Line Spectra, Particle Acceleration, Accretion Disks, Black Holes (Astronomy), Interstellar Gas},
     year = 1992,
    month = feb,
   volume = 385,
    pages = {460-477},
      doi = {10.1086/170955},
   adsurl = {http://adsabs.harvard.edu/abs/1992ApJ...385..460E},
  adsnote = {Provided by the SAO/NASA Astrophysics Data System}
}

@ARTICLE{1991ApJ...373...23W,
   author = {{Weymann}, R.~J. and {Morris}, S.~L. and {Foltz}, C.~B. and 
	{Hewett}, P.~C.},
    title = "{Comparisons of the emission-line and continuum properties of broad absorption line and normal quasi-stellar objects}",
  journal = {\apj},
 keywords = {Continuous Radiation, Emission Spectra, Line Spectra, Quasars, Stellar Spectra, Data Reduction, Spectral Line Width, Spectrum Analysis, Statistical Analysis, quasars},
     year = 1991,
    month = may,
   volume = 373,
    pages = {23-53},
      doi = {10.1086/170020},
   adsurl = {http://adsabs.harvard.edu/abs/1991ApJ...373...23W},
  adsnote = {Provided by the SAO/NASA Astrophysics Data System}
}

@ARTICLE{1990ARA&A..28..215D,
   author = {{Dickey}, J.~M. and {Lockman}, F.~J.},
    title = "{H I in the Galaxy}",
  journal = {\araa},
 keywords = {H I Regions, Milky Way Galaxy, Absorption Spectra, Lyman Alpha Radiation, Molecular Clouds, Radio Emission, Ultraviolet Astronomy, Very Long Base Interferometry},
     year = 1990,
   volume = 28,
    pages = {215-261},
      doi = {10.1146/annurev.aa.28.090190.001243},
   adsurl = {http://adsabs.harvard.edu/abs/1990ARA%26A..28..215D},
  adsnote = {Provided by the SAO/NASA Astrophysics Data System}
}

@ARTICLE{1989AJ.....98.1195K,
   author = {{Kellermann}, K.~I. and {Sramek}, R. and {Schmidt}, M. and {Shaffer}, D.~B. and 
	{Green}, R.},
    title = "{VLA observations of objects in the Palomar Bright Quasar Survey}",
  journal = {\aj},
 keywords = {Astronomical Catalogs, Quasars, Radio Sources (Astronomy), Very Large Array (Vla), Centimeter Waves, Data Sampling, Luminosity, Radiant Flux Density},
     year = 1989,
    month = oct,
   volume = 98,
    pages = {1195-1207},
      doi = {10.1086/115207},
   adsurl = {http://adsabs.harvard.edu/abs/1989AJ.....98.1195K},
  adsnote = {Provided by the SAO/NASA Astrophysics Data System}
}

@ARTICLE{1988ApJS...68..539S,
   author = {{Sargent}, W.~L.~W. and {Boksenberg}, A. and {Steidel}, C.~C.
	},
    title = "{C IV absorption in a new sample of 55 QSOs - Evolution and clustering of the heavy-element absorption redshifts}",
  journal = {\apjs},
 keywords = {Absorption Spectra, Galactic Clusters, Galactic Evolution, Heavy Elements, Quasars, Red Shift, Intergalactic Media, Line Spectra, Lyman Alpha Radiation, Signal To Noise Ratios},
     year = 1988,
    month = dec,
   volume = 68,
    pages = {539-641},
      doi = {10.1086/191300},
   adsurl = {http://adsabs.harvard.edu/abs/1988ApJS...68..539S},
  adsnote = {Provided by the SAO/NASA Astrophysics Data System}
}

@ARTICLE{1987MNRAS.228P..47R,
   author = {{Rees}, M.~J.},
    title = "{Magnetic confinement of broad-line clouds in active galactic nuclei}",
  journal = {\mnras},
 keywords = {Active Galactic Nuclei, Interstellar Magnetic Fields, Interstellar Matter, Plasma Clouds, Confinement, Field Strength, Line Spectra},
     year = 1987,
    month = oct,
   volume = 228,
    pages = {47P-50P},
   adsurl = {http://adsabs.harvard.edu/abs/1987MNRAS.228P..47R},
  adsnote = {Provided by the SAO/NASA Astrophysics Data System}
}

@ARTICLE{1984ApJ...281...76B,
   author = {{Bechtold}, J. and {Green}, R.~F. and {Weymann}, R.~J. and {Schmidt}, M. and 
	{Estabrook}, F.~B. and {Sherman}, R.~D. and {Wahlquist}, H.~D. and 
	{Heckman}, T.~M.},
    title = "{IUE observations of high-redshift quasars}",
  journal = {\apj},
 keywords = {Iue, Quasars, Spectral Energy Distribution, Ultraviolet Spectra, Astronomical Spectroscopy, Continuous Spectra, Interstellar Extinction, Line Of Sight, Lyman Spectra, Metallicity, Opacity, Spectrophotometry},
     year = 1984,
    month = jun,
   volume = 281,
    pages = {76-89},
      doi = {10.1086/162076},
   adsurl = {http://adsabs.harvard.edu/abs/1984ApJ...281...76B},
  adsnote = {Provided by the SAO/NASA Astrophysics Data System}
}

@ARTICLE{1983ApJ...270..119M,
   author = {{Morrison}, R. and {McCammon}, D.},
    title = "{Interstellar photoelectric absorption cross sections, 0.03-10 keV}",
  journal = {\apj},
 keywords = {Absorption Cross Sections, Cosmic Dust, Interstellar Chemistry, Interstellar Matter, X Ray Astronomy, Abundance, Electrophotometry, Ionization, Molecules},
     year = 1983,
    month = jul,
   volume = 270,
    pages = {119-122},
      doi = {10.1086/161102},
   adsurl = {http://adsabs.harvard.edu/abs/1983ApJ...270..119M},
  adsnote = {Provided by the SAO/NASA Astrophysics Data System}
}

@ARTICLE{1983ApJ...269..352S,
   author = {{Schmidt}, M. and {Green}, R.~F.},
    title = "{Quasar evolution derived from the Palomar bright quasar survey and other complete quasar surveys}",
  journal = {\apj},
 keywords = {Cosmology, Luminosity, Quasars, Astronomical Catalogs, Hubble Diagram, Red Shift, Seyfert Galaxies},
     year = 1983,
    month = jun,
   volume = 269,
    pages = {352-374},
      doi = {10.1086/161048},
   adsurl = {http://adsabs.harvard.edu/abs/1983ApJ...269..352S},
  adsnote = {Provided by the SAO/NASA Astrophysics Data System}
}

@ARTICLE{1983ApJ...265...51J,
   author = {{Junkkarinen}, V.~T. and {Burbidge}, E.~M. and {Smith}, H.~E.
	},
    title = "{Spectrophotometry of the broad absorption-line QSO PHL 5200}",
  journal = {\apj},
 keywords = {Absorption Spectra, Astronomical Photometry, Emission Spectra, Quasars, Spectral Line Width, Spectrophotometry, Abundance, Astronomical Models, Atomic Spectra, Galactic Structure, Molecular Clouds, Nonequilibrium Ionization, Optical Density, Periodic Variations, Photoionization, Red Shift, Resonance Lines, Spectral Energy Distribution},
     year = 1983,
    month = feb,
   volume = 265,
    pages = {51-72},
      doi = {10.1086/160653},
   adsurl = {http://adsabs.harvard.edu/abs/1983ApJ...265...51J},
  adsnote = {Provided by the SAO/NASA Astrophysics Data System}
}

@ARTICLE{1979ApJ...234L...9T,
   author = {{Tananbaum}, H. and {Avni}, Y. and {Branduardi}, G. and {Elvis}, M. and 
	{Fabbiano}, G. and {Feigelson}, E. and {Giacconi}, R. and {Henry}, J.~P. and 
	{Pye}, J.~P. and {Soltan}, A. and {Zamorani}, G.},
    title = "{X-ray studies of quasars with the Einstein Observatory}",
  journal = {\apjl},
 keywords = {Heao 2, Quasars, Stellar Mass Accretion, Stellar Spectra, X Ray Sources, Black Holes (Astronomy), Emission Spectra, Red Shift, Stellar Luminosity, X Ray Spectra, X Ray Telescopes},
     year = 1979,
    month = nov,
   volume = 234,
    pages = {L9-L13},
      doi = {10.1086/183100},
   adsurl = {http://adsabs.harvard.edu/abs/1979ApJ...234L...9T},
  adsnote = {Provided by the SAO/NASA Astrophysics Data System}
}

@ARTICLE{1979ApJ...228..939C,
   author = {{Cash}, W.},
    title = "{Parameter estimation in astronomy through application of the likelihood ratio}",
  journal = {\apj},
 keywords = {Astronomical Models, Data Processing, Parameterization, Statistical Analysis, Confidence Limits, Data Sampling, Galactic Clusters, Normal Density Functions, Photons, X Ray Telescopes},
     year = 1979,
    month = mar,
   volume = 228,
    pages = {939-947},
      doi = {10.1086/156922},
   adsurl = {http://adsabs.harvard.edu/abs/1979ApJ...228..939C},
  adsnote = {Provided by the SAO/NASA Astrophysics Data System}
}

