
@ARTICLE{ruff2012,
   author = {{Ruff}, A.~J. and {Floyd}, D.~J.~E. and {Webster}, R.~L. and 
	{Korista}, K.~T. and {Landt}, H.},
    title = "{New Constraints on the Quasar Broad Emission Line Region}",
  journal = {\apj},
archivePrefix = "arXiv",
   eprint = {1206.0721},
 keywords = {galaxies: active, infrared: galaxies, quasars: emission lines},
     year = 2012,
    month = jul,
   volume = 754,
      eid = {18},
    pages = {18},
      doi = {10.1088/0004-637X/754/1/18},
   adsurl = {http://adsabs.harvard.edu/abs/2012ApJ...754...18R},
  adsnote = {Provided by the SAO/NASA Astrophysics Data System}
}

@ARTICLE{1989ApJ...342..666E,
   author = {{Espey}, B.~R. and {Carswell}, R.~F. and {Bailey}, J.~A. and 
	{Smith}, M.~G. and {Ward}, M.~J.},
    title = "{H-alpha emission lines in high-redshift quasars}",
  journal = {\apj},
 keywords = {Astronomical Spectroscopy, Emission Spectra, H Alpha Line, Quasars, Cosmochemistry, Red Shift, Spectrum Analysis},
     year = 1989,
    month = jul,
   volume = 342,
    pages = {666-676},
      doi = {10.1086/167627},
   adsurl = {http://adsabs.harvard.edu/abs/1989ApJ...342..666E},
  adsnote = {Provided by the SAO/NASA Astrophysics Data System}
}


@ARTICLE{netzer1982,
   author = {{Netzer}, H.},
    title = "{The Spectrum of 3C390.3 and the Hydrogen Line Problem}",
  journal = {\mnras},
     year = 1982,
    month = feb,
   volume = 198,
    pages = {589},
   adsurl = {http://adsabs.harvard.edu/abs/1982MNRAS.198..589N},
  adsnote = {Provided by the SAO/NASA Astrophysics Data System}
}


@ARTICLE{kollatschny1983,
   author = {{Kollatschny}, W. and {Fricke}, K.~J.},
    title = "{Hydrogen line ratios of low redshift QSO's}",
  journal = {\aap},
 keywords = {Astronomical Spectroscopy, H Lines, Hydrogen, Lyman Spectra, Quasars, Ratios, Red Shift, Abundance, Balmer Series, Cosmic Dust, Infrared Spectra, Interstellar Extinction, K Lines, Paschen Series, Ultraviolet Spectra, Visible Spectrum},
     year = 1983,
    month = jun,
   volume = 122,
    pages = {33-38},
   adsurl = {http://adsabs.harvard.edu/abs/1983A%26A...122...33K},
  adsnote = {Provided by the SAO/NASA Astrophysics Data System}
}

@ARTICLE{reesnetzerferland1989,
   author = {{Rees}, M.~J. and {Netzer}, H. and {Ferland}, G.~J.},
    title = "{Small dense broad-line regions in active nuclei}",
  journal = {\apj},
 keywords = {Active Galactic Nuclei, Broadband, Emission Spectra, Molecular Clouds, Photoionization, Quasars, Astronomical Spectroscopy, Carbon, Gas Density, Helium, Hydrogen, Radiative Transfer, Spectral Line Width},
     year = 1989,
    month = dec,
   volume = 347,
    pages = {640-655},
      doi = {10.1086/168155},
   adsurl = {http://adsabs.harvard.edu/abs/1989ApJ...347..640R},
  adsnote = {Provided by the SAO/NASA Astrophysics Data System}
}

@ARTICLE{1983Ap.....19...32K,
   author = {{Katysheva}, N.~A.},
    title = "{Relative Intensities of Hydrogen Lines in the Spectra of Quasars and the Nuclei of Seyfert Galaxies}",
  journal = {Astrophysics},
     year = 1983,
    month = jan,
   volume = 19,
    pages = {32-38},
      doi = {10.1007/BF01005808},
   adsurl = {http://adsabs.harvard.edu/abs/1983Ap.....19...32K},
  adsnote = {Provided by the SAO/NASA Astrophysics Data System}
}

@ARTICLE{mathews1980,
   author = {{Mathews}, W.~G. and {Blumenthal}, G.~R. and {Grandi}, S.~A.
	},
    title = "{Hydrogen line intensities from dense plasmas - Application to quasar spectra}",
  journal = {\apj},
 keywords = {Dense Plasmas, H Lines, Quasars, Stellar Spectra, Emission Spectra, Equilibrium Equations, Lyman Spectra, Optical Thickness, Radiative Transfer, X Ray Astronomy},
     year = 1980,
    month = feb,
   volume = 235,
    pages = {971-985},
      doi = {10.1086/157702},
   adsurl = {http://adsabs.harvard.edu/abs/1980ApJ...235..971M},
  adsnote = {Provided by the SAO/NASA Astrophysics Data System}
}

