Query Results from the ADS Database


Retrieved 199 abstracts, starting with number 1.  Total number selected: 199.

@ARTICLE{2013MNRAS.432..570P,
   author = {{Pretorius}, M.~L. and {Knigge}, C. and {Schwope}, A.~D.},
    title = "{The space density of magnetic cataclysmic variables}",
  journal = {\mnras},
archivePrefix = "arXiv",
   eprint = {1303.4270},
 primaryClass = "astro-ph.SR",
 keywords = {methods: observational, methods: statistical, novae, cataclysmic variables, X-rays: binaries},
     year = 2013,
    month = jun,
   volume = 432,
    pages = {570-583},
      doi = {10.1093/mnras/stt499},
   adsurl = {http://adsabs.harvard.edu/abs/2013MNRAS.432..570P},
  adsnote = {Provided by the SAO/NASA Astrophysics Data System}
}

@ARTICLE{2013ApJ...769..120B,
   author = {{Britt}, C.~T. and {Torres}, M.~A.~P. and {Hynes}, R.~I. and 
	{Jonker}, P.~G. and {Maccarone}, T.~J. and {Greiss}, S. and 
	{Steeghs}, D. and {Groot}, P. and {Knigge}, C. and {Dieball}, A. and 
	{Nelemans}, G. and {Mikles}, V.~J. and {Gossen}, L.},
    title = "{Identification of Five Interacting Binaries in the Galactic Bulge Survey}",
  journal = {\apj},
archivePrefix = "arXiv",
   eprint = {1304.6364},
 primaryClass = "astro-ph.SR",
 keywords = {binaries: close, novae, cataclysmic variables, stars: dwarf novae, stars: emission-line, Be, surveys, X-rays: binaries},
     year = 2013,
    month = jun,
   volume = 769,
      eid = {120},
    pages = {120},
      doi = {10.1088/0004-637X/769/2/120},
   adsurl = {http://adsabs.harvard.edu/abs/2013ApJ...769..120B},
  adsnote = {Provided by the SAO/NASA Astrophysics Data System}
}

@ARTICLE{2013Sci...340..950M,
   author = {{Miller-Jones}, J.~C.~A. and {Sivakoff}, G.~R. and {Knigge}, C. and 
	{K{\"o}rding}, E.~G. and {Templeton}, M. and {Waagen}, E.~O.
	},
    title = "{An Accurate Geometric Distance to the Compact Binary SS Cygni Vindicates Accretion Disc Theory}",
  journal = {Science},
archivePrefix = "arXiv",
   eprint = {1305.5846},
 primaryClass = "astro-ph.HE",
     year = 2013,
    month = may,
   volume = 340,
    pages = {950-952},
      doi = {10.1126/science.1237145},
   adsurl = {http://adsabs.harvard.edu/abs/2013Sci...340..950M},
  adsnote = {Provided by the SAO/NASA Astrophysics Data System}
}

@ARTICLE{2013MNRAS.431.2535S,
   author = {{Scaringi}, S. and {K{\"o}rding}, E. and {Groot}, P.~J. and 
	{Uttley}, P. and {Marsh}, T. and {Knigge}, C. and {Maccarone}, T. and 
	{Dhillon}, V.~S.},
    title = "{Discovery of Fourier-dependent time lags in cataclysmic variables}",
  journal = {\mnras},
archivePrefix = "arXiv",
   eprint = {1302.5422},
 keywords = {accretion, accretion discs, binaries: close, stars: individual: MV Lyr, stars: individual: LU Cam, novae, cataclysmic variables, X-rays: binaries},
     year = 2013,
    month = may,
   volume = 431,
    pages = {2535-2541},
      doi = {10.1093/mnras/stt347},
   adsurl = {http://adsabs.harvard.edu/abs/2013MNRAS.431.2535S},
  adsnote = {Provided by the SAO/NASA Astrophysics Data System}
}

@ARTICLE{2013yCat..74232901T,
   author = {{Thomson}, G.~S. and {Knigge}, C. and {Dieball}, A. and {Maccarone}, T.~J. and 
	{Dolphin}, A. and {Zurek}, D. and {Long}, K.~S. and {Shara}, M. and 
	{Sarajedini}, A.},
    title = "{VizieR Online Data Catalog: NGC 6752 multiwavelength survey (Thomson+, 2012)}",
  journal = {VizieR Online Data Catalog},
 keywords = {Clusters: globular, Photometry: UBVRI, Photometry: ultraviolet},
     year = 2013,
    month = apr,
   volume = 742,
    pages = {32901},
   adsurl = {http://adsabs.harvard.edu/abs/2013yCat..74232901T},
  adsnote = {Provided by the SAO/NASA Astrophysics Data System}
}

@ARTICLE{2013MNRAS.428.3543R,
   author = {{Ratti}, E.~M. and {van Grunsven}, T.~F.~J. and {Jonker}, P.~G. and 
	{Britt}, C.~T. and {Hynes}, R.~I. and {Steeghs}, D. and {Greiss}, S. and 
	{Torres}, M.~A.~P. and {Maccarone}, T.~J. and {Groot}, P.~J. and 
	{Knigge}, C. and {Gossen}, L. and {Mikles}, V. and {Villar}, V.~A. and 
	{Collazzi}, A.~C.},
    title = "{CXOGBS J174444.7-260330: a new long orbital period cataclysmic variable in a low state}",
  journal = {\mnras},
archivePrefix = "arXiv",
   eprint = {1211.1194},
 primaryClass = "astro-ph.HE",
 keywords = {accretion: accretion discs, stars: dwarf novae, stars: individual: CXOGBS J174444.7-260330, novae, cataclysmic variables, X-rays: binaries},
     year = 2013,
    month = feb,
   volume = 428,
    pages = {3543-3550},
      doi = {10.1093/mnras/sts292},
   adsurl = {http://adsabs.harvard.edu/abs/2013MNRAS.428.3543R},
  adsnote = {Provided by the SAO/NASA Astrophysics Data System}
}

@ARTICLE{2013MNRAS.428.2207S,
   author = {{Scaringi}, S. and {Groot}, P.~J. and {Verbeek}, K. and {Greiss}, S. and 
	{Knigge}, C. and {K{\"o}rding}, E.},
    title = "{Spectroscopic identifications of blue-H{$\alpha$}-excess sources in the Kepler field of view}",
  journal = {\mnras},
archivePrefix = "arXiv",
   eprint = {1210.3038},
 primaryClass = "astro-ph.SR",
 keywords = {techniques: spectroscopic, surveys, novae, cataclysmic variables, quasars: general},
     year = 2013,
    month = jan,
   volume = 428,
    pages = {2207-2215},
      doi = {10.1093/mnras/sts189},
   adsurl = {http://adsabs.harvard.edu/abs/2013MNRAS.428.2207S},
  adsnote = {Provided by the SAO/NASA Astrophysics Data System}
}

@ARTICLE{2013MNRAS.428..897L,
   author = {{Leigh}, N. and {Knigge}, C. and {Sills}, A. and {Perets}, H.~B. and 
	{Sarajedini}, A. and {Glebbeek}, E.},
    title = "{The origins of blue stragglers and binarity in globular clusters}",
  journal = {\mnras},
archivePrefix = "arXiv",
   eprint = {1210.0542},
 primaryClass = "astro-ph.SR",
 keywords = {methods: statistical, binaries: close, blue stragglers, globular clusters: general, stars: kinematics and dynamics, binaries: general},
     year = 2013,
    month = jan,
   volume = 428,
    pages = {897-905},
      doi = {10.1093/mnras/sts085},
   adsurl = {http://adsabs.harvard.edu/abs/2013MNRAS.428..897L},
  adsnote = {Provided by the SAO/NASA Astrophysics Data System}
}

@ARTICLE{2013ATel.4716....1K,
   author = {{Kuulkers}, E. and {Page}, K.~L. and {Knigge}, C. and {Marsh}, T.~R. and 
	{Osborne}, J.~P. and {Sivakoff}, G.~R.},
    title = "{Swift/XRT detection and optical binary period of SSS130101:122222-311525}",
  journal = {The Astronomer's Telegram},
 keywords = {Optical, Ultra-Violet, X-ray, Binary, Cataclysmic Variable, Transient, Variables},
     year = 2013,
    month = jan,
   volume = 4716,
    pages = {1},
   adsurl = {http://adsabs.harvard.edu/abs/2013ATel.4716....1K},
  adsnote = {Provided by the SAO/NASA Astrophysics Data System}
}

@ARTICLE{2013ATel.4705....1M,
   author = {{Marsh}, T. and {Knigge}, C. and {Pretorius}, R. and {Miller-Jones}, J. and 
	{Koerding}, E. and {Sivakoff}, G. and {Woudt}, P. and {Warner}, B.
	},
    title = "{Correction to ATel \#4704}",
  journal = {The Astronomer's Telegram},
 keywords = {Optical, Black Hole, Cataclysmic Variable, Nova, Neutron Star, Transient, Variables},
     year = 2013,
    month = jan,
   volume = 4705,
    pages = {1},
   adsurl = {http://adsabs.harvard.edu/abs/2013ATel.4705....1M},
  adsnote = {Provided by the SAO/NASA Astrophysics Data System}
}

@ARTICLE{2013ATel.4704....1M,
   author = {{Marsh}, T. and {Knigge}, C. and {Pretorius}, R. and {Miller-Jones}, J. and 
	{Koerding}, E. and {Sivakoff}, G. and {Woudt}, P. and {Warner}, B.
	},
    title = "{Spectroscopy of the Optical Transient SSS130101:122222-311525}",
  journal = {The Astronomer's Telegram},
 keywords = {Optical, Black Hole, Cataclysmic Variable, Nova, Neutron Star, Transient, Variables},
     year = 2013,
    month = jan,
   volume = 4704,
    pages = {1},
   adsurl = {http://adsabs.harvard.edu/abs/2013ATel.4704....1M},
  adsnote = {Provided by the SAO/NASA Astrophysics Data System}
}

@INPROCEEDINGS{2013AAS...22125046G,
   author = {{Gosnell}, N.~M. and {Mathieu}, R.~D. and {Geller}, A.~M. and 
	{Knigge}, C. and {Sills}, A. and {Leigh}, N.},
    title = "{Detecting White Dwarf Companions of Blue Straggler Binaries in the Old Open Cluster NGC 188}",
booktitle = {American Astronomical Society Meeting Abstracts \#221},
     year = 2013,
   series = {American Astronomical Society Meeting Abstracts},
   volume = 221,
    month = jan,
    pages = {#250.46},
   adsurl = {http://adsabs.harvard.edu/abs/2013AAS...22125046G},
  adsnote = {Provided by the SAO/NASA Astrophysics Data System}
}

@ARTICLE{2012MNRAS.427.3396S,
   author = {{Scaringi}, S. and {K{\"o}rding}, E. and {Uttley}, P. and {Groot}, P.~J. and 
	{Knigge}, C. and {Still}, M. and {Jonker}, P.},
    title = "{Broad-band timing properties of the accreting white dwarf MV Lyrae}",
  journal = {\mnras},
archivePrefix = "arXiv",
   eprint = {1208.6292},
 primaryClass = "astro-ph.SR",
 keywords = {accretion, accretion discs, black hole physics, binaries: close, novae, cataclysmic variables, stars: oscillations, stars: individual: MV Lyrae},
     year = 2012,
    month = dec,
   volume = 427,
    pages = {3396-3405},
      doi = {10.1111/j.1365-2966.2012.22022.x},
   adsurl = {http://adsabs.harvard.edu/abs/2012MNRAS.427.3396S},
  adsnote = {Provided by the SAO/NASA Astrophysics Data System}
}

@ARTICLE{2012MNRAS.426.1235V,
   author = {{Verbeek}, K. and {Groot}, P.~J. and {Scaringi}, S. and {Napiwotzki}, R. and 
	{Spikings}, B. and {{\O}stensen}, R.~H. and {Drew}, J.~E. and 
	{Steeghs}, D. and {Casares}, J. and {Corral-Santana}, J.~M. and 
	{Corradi}, R.~L.~M. and {Deacon}, N. and {Drake}, J.~J. and 
	{G{\"a}nsicke}, B.~T. and {Gonz{\'a}lez-Solares}, E. and {Greimel}, R. and 
	{Heber}, U. and {Irwin}, M.~J. and {Knigge}, C. and {Nelemans}, G.
	},
    title = "{Spectroscopic follow-up of ultraviolet-excess objects selected from the UVEX survey}",
  journal = {\mnras},
archivePrefix = "arXiv",
   eprint = {1206.7012},
 primaryClass = "astro-ph.SR",
 keywords = {surveys, subdwarfs, white dwarfs, ISM: general, Galaxy: disc, Galaxy: stellar content},
     year = 2012,
    month = oct,
   volume = 426,
    pages = {1235-1261},
      doi = {10.1111/j.1365-2966.2012.21615.x},
   adsurl = {http://adsabs.harvard.edu/abs/2012MNRAS.426.1235V},
  adsnote = {Provided by the SAO/NASA Astrophysics Data System}
}

@ARTICLE{2012MNRAS.424.2130L,
   author = {{Leigh}, N. and {B{\"o}ker}, T. and {Knigge}, C.},
    title = "{Nuclear star clusters and the stellar spheroids of their host galaxies}",
  journal = {\mnras},
archivePrefix = "arXiv",
   eprint = {1205.5033},
 keywords = {methods: statistical, galaxies: elliptical and lenticular, cD, galaxies: nuclei, galaxies: photometry },
     year = 2012,
    month = aug,
   volume = 424,
    pages = {2130-2138},
      doi = {10.1111/j.1365-2966.2012.21365.x},
   adsurl = {http://adsabs.harvard.edu/abs/2012MNRAS.424.2130L},
  adsnote = {Provided by the SAO/NASA Astrophysics Data System}
}

@INPROCEEDINGS{2012ASPC..460..194H,
   author = {{Higginbottom}, N. and {Long}, K.~S. and {Knigge}, C. and {Sim}, S.~A.
	},
    title = "{Modelling the Spectra of (BAL)QSOs}",
booktitle = {AGN Winds in Charleston},
     year = 2012,
   series = {Astronomical Society of the Pacific Conference Series},
   volume = 460,
archivePrefix = "arXiv",
   eprint = {1112.3809},
 primaryClass = "astro-ph.CO",
   editor = {{Chartas}, G. and {Hamann}, F. and {Leighly}, K.~M.},
    month = aug,
    pages = {194},
   adsurl = {http://adsabs.harvard.edu/abs/2012ASPC..460..194H},
  adsnote = {Provided by the SAO/NASA Astrophysics Data System}
}

@ARTICLE{2012MNRAS.423.2901T,
   author = {{Thomson}, G.~S. and {Knigge}, C. and {Dieball}, A. and {Maccarone}, T.~J. and 
	{Dolphin}, A. and {Zurek}, D. and {Long}, K.~S. and {Shara}, M. and 
	{Sarajedini}, A.},
    title = "{A multiwavelength survey of NGC 6752: X-ray counterparts, two new dwarf novae and a core-collapsed radial profile}",
  journal = {\mnras},
archivePrefix = "arXiv",
   eprint = {1204.4723},
 primaryClass = "astro-ph.SR",
 keywords = {binaries: close, stars: dwarf novae, novae, cataclysmic variables, stars: variables: general, globular clusters: individual: NGC 6752},
     year = 2012,
    month = jul,
   volume = 423,
    pages = {2901-2916},
      doi = {10.1111/j.1365-2966.2012.21104.x},
   adsurl = {http://adsabs.harvard.edu/abs/2012MNRAS.423.2901T},
  adsnote = {Provided by the SAO/NASA Astrophysics Data System}
}

@ARTICLE{2012AJ....144...24G,
   author = {{Greiss}, S. and {Steeghs}, D. and {G{\"a}nsicke}, B.~T. and 
	{Mart{\'{\i}}n}, E.~L. and {Groot}, P.~J. and {Irwin}, M.~J. and 
	{Gonz{\'a}lez-Solares}, E. and {Greimel}, R. and {Knigge}, C. and 
	{{\O}stensen}, R.~H. and {Verbeek}, K. and {Drew}, J.~E. and 
	{Drake}, J. and {Jonker}, P.~G. and {Ripepi}, V. and {Scaringi}, S. and 
	{Southworth}, J. and {Still}, M. and {Wright}, N.~J. and {Farnhill}, H. and 
	{van Haaften}, L.~M. and {Shah}, S.},
    title = "{Initial Data Release of the Kepler-INT Survey}",
  journal = {\aj},
archivePrefix = "arXiv",
   eprint = {1202.6333},
 keywords = {catalogs, stars: emission-line, Be, stars: general, surveys, techniques: photometric},
     year = 2012,
    month = jul,
   volume = 144,
      eid = {24},
    pages = {24},
      doi = {10.1088/0004-6256/144/1/24},
   adsurl = {http://adsabs.harvard.edu/abs/2012AJ....144...24G},
  adsnote = {Provided by the SAO/NASA Astrophysics Data System}
}

@ARTICLE{2012MNRAS.422.1592L,
   author = {{Leigh}, N. and {Umbreit}, S. and {Sills}, A. and {Knigge}, C. and 
	{de Marchi}, G. and {Glebbeek}, E. and {Sarajedini}, A.},
    title = "{Quantifying the universality of the stellar initial mass function in old star clusters}",
  journal = {\mnras},
archivePrefix = "arXiv",
   eprint = {1202.2851},
 primaryClass = "astro-ph.SR",
 keywords = {methods: statistical, stars: formation, stars: low-mass, stars: statistics, globular clusters: general},
     year = 2012,
    month = may,
   volume = 422,
    pages = {1592-1600},
      doi = {10.1111/j.1365-2966.2012.20735.x},
   adsurl = {http://adsabs.harvard.edu/abs/2012MNRAS.422.1592L},
  adsnote = {Provided by the SAO/NASA Astrophysics Data System}
}

@ARTICLE{2012MNRAS.421.2854S,
   author = {{Scaringi}, S. and {K{\"o}rding}, E. and {Uttley}, P. and {Knigge}, C. and 
	{Groot}, P.~J. and {Still}, M.},
    title = "{The universal nature of accretion-induced variability: the rms-flux relation in an accreting white dwarf}",
  journal = {\mnras},
archivePrefix = "arXiv",
   eprint = {1201.0759},
 primaryClass = "astro-ph.SR",
 keywords = {accretion, accretion discs, black hole physics, binaries: close, stars: individual: MV Lyrae, novae, cataclysmic variables, stars: oscillations},
     year = 2012,
    month = apr,
   volume = 421,
    pages = {2854-2860},
      doi = {10.1111/j.1365-2966.2012.20512.x},
   adsurl = {http://adsabs.harvard.edu/abs/2012MNRAS.421.2854S},
  adsnote = {Provided by the SAO/NASA Astrophysics Data System}
}

@ARTICLE{2012ApJ...747L..13F,
   author = {{Farrell}, S.~A. and {Servillat}, M. and {Pforr}, J. and {Maccarone}, T.~J. and 
	{Knigge}, C. and {Godet}, O. and {Maraston}, C. and {Webb}, N.~A. and 
	{Barret}, D. and {Gosling}, A.~J. and {Belmont}, R. and {Wiersema}, K.
	},
    title = "{A Young Massive Stellar Population around the Intermediate-mass Black Hole ESO 243-49 HLX-1}",
  journal = {\apjl},
archivePrefix = "arXiv",
   eprint = {1110.6510},
 keywords = {accretion, accretion disks, galaxies: interactions, galaxies: star clusters: general, globular clusters: general, X-rays: binaries, X-rays: individual: ESO 243-49 HLX-1},
     year = 2012,
    month = mar,
   volume = 747,
      eid = {L13},
    pages = {L13},
      doi = {10.1088/2041-8205/747/1/L13},
   adsurl = {http://adsabs.harvard.edu/abs/2012ApJ...747L..13F},
  adsnote = {Provided by the SAO/NASA Astrophysics Data System}
}

@ARTICLE{2012MNRAS.420..379U,
   author = {{Uthas}, H. and {Patterson}, J. and {Kemp}, J. and {Knigge}, C. and 
	{Monard}, B. and {Rea}, R. and {Bolt}, G. and {McCormick}, J. and 
	{Christie}, G. and {Retter}, A. and {Liu}, A.},
    title = "{Two new accreting, pulsating white dwarfs: SDSS J1457+51 and BW Sculptoris}",
  journal = {\mnras},
archivePrefix = "arXiv",
   eprint = {1111.3956},
 primaryClass = "astro-ph.SR",
 keywords = {stars: individual: SDSS J1457+51, stars: individual: BW Sculptoris, novae, cataclysmic variables, stars: oscillations, white dwarfs},
     year = 2012,
    month = feb,
   volume = 420,
    pages = {379-387},
      doi = {10.1111/j.1365-2966.2011.20042.x},
   adsurl = {http://adsabs.harvard.edu/abs/2012MNRAS.420..379U},
  adsnote = {Provided by the SAO/NASA Astrophysics Data System}
}

@ARTICLE{2012MNRAS.419.1442P,
   author = {{Pretorius}, M.~L. and {Knigge}, C.},
    title = "{The space density and X-ray luminosity function of non-magnetic cataclysmic variables}",
  journal = {\mnras},
archivePrefix = "arXiv",
   eprint = {1109.3162},
 primaryClass = "astro-ph.SR",
 keywords = {methods: observational, methods: statistical, stars: dwarf novae, novae, cataclysmic variables, X-rays: binaries},
     year = 2012,
    month = jan,
   volume = 419,
    pages = {1442-1454},
      doi = {10.1111/j.1365-2966.2011.19801.x},
   adsurl = {http://adsabs.harvard.edu/abs/2012MNRAS.419.1442P},
  adsnote = {Provided by the SAO/NASA Astrophysics Data System}
}

@ARTICLE{2012MNRAS.419..287D,
   author = {{Davis}, P.~J. and {Kolb}, U. and {Knigge}, C.},
    title = "{Is the common envelope ejection efficiency a function of the binary parameters?}",
  journal = {\mnras},
archivePrefix = "arXiv",
   eprint = {1106.4741},
 primaryClass = "astro-ph.SR",
 keywords = {methods: statistical, binaries: close, stars: evolution, white dwarfs},
     year = 2012,
    month = jan,
   volume = 419,
    pages = {287-303},
      doi = {10.1111/j.1365-2966.2011.19690.x},
   adsurl = {http://adsabs.harvard.edu/abs/2012MNRAS.419..287D},
  adsnote = {Provided by the SAO/NASA Astrophysics Data System}
}

@ARTICLE{2012MmSAI..83..549K,
   author = {{Knigge}, C.},
    title = "{Cataclysmic variables in globular clusters.}",
  journal = {\memsai},
archivePrefix = "arXiv",
   eprint = {1112.1074},
 primaryClass = "astro-ph.SR",
 keywords = {Stars: novae, cataclysmic variables, Galaxy: globular clusters},
     year = 2012,
   volume = 83,
    pages = {549},
   adsurl = {http://adsabs.harvard.edu/abs/2012MmSAI..83..549K},
  adsnote = {Provided by the SAO/NASA Astrophysics Data System}
}

@ARTICLE{2012GCN..13130...1G,
   author = {{Gorosabel}, J. and {Castro-Tirado}, A.~J. and {Walker}, C. and 
	{Court}, J. and {Duffy}, R. and {Edwards}, T. and {Herath}, M. and 
	{Kirk}, J. and {Patel}, S. and {Prajs}, S. and {Tunbridge}, B. and 
	{Williams}, D. and {Wood}, R. and {Wright}, P. and {Munoz-Darias}, T. and 
	{Knigge}, C. and {Coriat}, M. and {Gimeno}, R.},
    title = "{GRB 120327A: IAC80 i-band observations.}",
  journal = {GRB Coordinates Network},
     year = 2012,
   volume = 13130,
    pages = {1},
   adsurl = {http://adsabs.harvard.edu/abs/2012GCN..13130...1G},
  adsnote = {Provided by the SAO/NASA Astrophysics Data System}
}

@ARTICLE{2012GCN..13112...1W,
   author = {{Walker}, C. and {Court}, J. and {Duffy}, R. and {Edwards}, T. and 
	{Herath}, M. and {Kirk}, J. and {Patel}, S. and {Prajs}, S. and 
	{Tunbridge}, B. and {Williams}, D. and {Wood}, R. and {Wright}, P. and 
	{Munoz-Darias}, T. and {Knigge}, C. and {Coriat}, M. and {Gimeno}, R. and 
	{Gorosabel}, J.},
    title = "{GRB120326A: IAC80 observations.}",
  journal = {GRB Coordinates Network},
     year = 2012,
   volume = 13112,
    pages = {1},
   adsurl = {http://adsabs.harvard.edu/abs/2012GCN..13112...1W},
  adsnote = {Provided by the SAO/NASA Astrophysics Data System}
}

@ARTICLE{2011MNRAS.418.1138W,
   author = {{Wang}, Y. and {Knigge}, C. and {Croston}, J.~H. and {Pavlovski}, G.
	},
    title = "{The entrainment-limited evolution of FR II sources: maximum sizes and a possible connection to FR Is}",
  journal = {\mnras},
archivePrefix = "arXiv",
   eprint = {1108.0558},
 keywords = {galaxies: active, galaxies: evolution, galaxies: jets},
     year = 2011,
    month = dec,
   volume = 418,
    pages = {1138-1145},
      doi = {10.1111/j.1365-2966.2011.19563.x},
   adsurl = {http://adsabs.harvard.edu/abs/2011MNRAS.418.1138W},
  adsnote = {Provided by the SAO/NASA Astrophysics Data System}
}

@ARTICLE{2011Natur.479..372K,
   author = {{Knigge}, C. and {Coe}, M.~J. and {Podsiadlowski}, P.},
    title = "{Two populations of X-ray pulsars produced by two types of supernova}",
  journal = {\nat},
archivePrefix = "arXiv",
   eprint = {1111.2051},
 primaryClass = "astro-ph.SR",
 keywords = {Astrophysics: Solar and Stellar Astrophysics,  Astrophysics: Cosmology and Extragalactic Astrophysics,  Astrophysics: Galaxy Astrophysics,  Astrophysics: High Energy Astrophysical Phenomena},
     year = 2011,
    month = nov,
   volume = 479,
    pages = {372-375},
      doi = {10.1038/nature10529},
   adsurl = {http://adsabs.harvard.edu/abs/2011Natur.479..372K},
  adsnote = {Provided by the SAO/NASA Astrophysics Data System}
}

@ARTICLE{2011MNRAS.418L.129K,
   author = {{K{\"o}rding}, E.~G. and {Knigge}, C. and {Tzioumis}, T. and 
	{Fender}, R.},
    title = "{Detection of radio emission from a nova-like cataclysmic variable: evidence of jets?}",
  journal = {\mnras},
 keywords = {novae, cataclysmic variables, ISM: jets and outflows, radio continuum: stars},
     year = 2011,
    month = nov,
   volume = 418,
    pages = {L129-L132},
      doi = {10.1111/j.1745-3933.2011.01158.x},
   adsurl = {http://adsabs.harvard.edu/abs/2011MNRAS.418L.129K},
  adsnote = {Provided by the SAO/NASA Astrophysics Data System}
}

@ARTICLE{2011MNRAS.416.1410L,
   author = {{Leigh}, N. and {Sills}, A. and {Knigge}, C.},
    title = "{An analytic model for blue straggler formation in globular clusters}",
  journal = {\mnras},
archivePrefix = "arXiv",
   eprint = {1105.5388},
 primaryClass = "astro-ph.SR",
 keywords = {blue stragglers, stars: statistics, globular clusters: general, stars: kinematics and dynamics},
     year = 2011,
    month = sep,
   volume = 416,
    pages = {1410-1418},
      doi = {10.1111/j.1365-2966.2011.19136.x},
   adsurl = {http://adsabs.harvard.edu/abs/2011MNRAS.416.1410L},
  adsnote = {Provided by the SAO/NASA Astrophysics Data System}
}

@INPROCEEDINGS{2011ASPC..447..115D,
   author = {{Davis}, P.~J. and {Kolb}, U. and {Knigge}, C.~.},
    title = "{Is the Common Envelope Ejection Efficiency a Function of the Binary Parameters?}",
booktitle = {Evolution of Compact Binaries},
     year = 2011,
   series = {Astronomical Society of the Pacific Conference Series},
   volume = 447,
   editor = {{Schmidtobreick}, L. and {Schreiber}, M.~R. and {Tappert}, C.
	},
    month = sep,
    pages = {115},
   adsurl = {http://adsabs.harvard.edu/abs/2011ASPC..447..115D},
  adsnote = {Provided by the SAO/NASA Astrophysics Data System}
}

@INPROCEEDINGS{2011ASPC..447....3K,
   author = {{Knigge}, C.},
    title = "{The Evolution of Cataclysmic Variables}",
booktitle = {Evolution of Compact Binaries},
     year = 2011,
   series = {Astronomical Society of the Pacific Conference Series},
   volume = 447,
archivePrefix = "arXiv",
   eprint = {1108.4716},
 primaryClass = "astro-ph.SR",
   editor = {{Schmidtobreick}, L. and {Schreiber}, M.~R. and {Tappert}, C.
	},
    month = sep,
    pages = {3},
   adsurl = {http://adsabs.harvard.edu/abs/2011ASPC..447....3K},
  adsnote = {Provided by the SAO/NASA Astrophysics Data System}
}

@ARTICLE{2011MNRAS.415.3771L,
   author = {{Leigh}, N. and {Sills}, A. and {Knigge}, C.},
    title = "{Dissecting the colour-magnitude diagram: a homogeneous catalogue of stellar populations in globular clusters}",
  journal = {\mnras},
archivePrefix = "arXiv",
   eprint = {1105.3192},
 primaryClass = "astro-ph.SR",
 keywords = {catalogues, blue stragglers, stars: statistics, globular clusters: general},
     year = 2011,
    month = aug,
   volume = 415,
    pages = {3771-3782},
      doi = {10.1111/j.1365-2966.2011.18995.x},
   adsurl = {http://adsabs.harvard.edu/abs/2011MNRAS.415.3771L},
  adsnote = {Provided by the SAO/NASA Astrophysics Data System}
}

@ARTICLE{2011yCat..21940028K,
   author = {{Knigge}, C. and {Baraffe}, I. and {Patterson}, J.},
    title = "{VizieR Online Data Catalog: The evolution of cataclysmic variables (Knigge+, 2011)}",
  journal = {VizieR Online Data Catalog},
 keywords = {Binaries: cataclysmic, Stars: white dwarf, Models, Magnitudes: absolute},
     year = 2011,
    month = jul,
   volume = 219,
    pages = {40028},
   adsurl = {http://adsabs.harvard.edu/abs/2011yCat..21940028K},
  adsnote = {Provided by the SAO/NASA Astrophysics Data System}
}

@ARTICLE{2011MNRAS.414L..85U,
   author = {{Uthas}, H. and {Knigge}, C. and {Long}, K.~S. and {Patterson}, J. and 
	{Thorstensen}, J.},
    title = "{The cataclysmic variable SDSS J1507+52: an eclipsing period bouncer in the Galactic halo}",
  journal = {\mnras},
archivePrefix = "arXiv",
   eprint = {1104.1180},
 primaryClass = "astro-ph.SR",
 keywords = {binaries: close, stars: dwarf novae, stars: individual: SDSS J1507+52, novae, cataclysmic variables},
     year = 2011,
    month = jun,
   volume = 414,
    pages = {L85-L89},
      doi = {10.1111/j.1745-3933.2011.01061.x},
   adsurl = {http://adsabs.harvard.edu/abs/2011MNRAS.414L..85U},
  adsnote = {Provided by the SAO/NASA Astrophysics Data System}
}

@ARTICLE{2011ApJS..194...28K,
   author = {{Knigge}, C. and {Baraffe}, I. and {Patterson}, J.},
    title = "{The Evolution of Cataclysmic Variables as Revealed by Their Donor Stars}",
  journal = {\apjs},
archivePrefix = "arXiv",
   eprint = {1102.2440},
 primaryClass = "astro-ph.SR",
 keywords = {novae, cataclysmic variables, stars: fundamental parameters},
     year = 2011,
    month = jun,
   volume = 194,
      eid = {28},
    pages = {28},
      doi = {10.1088/0067-0049/194/2/28},
   adsurl = {http://adsabs.harvard.edu/abs/2011ApJS..194...28K},
  adsnote = {Provided by the SAO/NASA Astrophysics Data System}
}

@ARTICLE{2011ApJ...733..106S,
   author = {{Servillat}, M. and {Webb}, N.~A. and {Lewis}, F. and {Knigge}, C. and 
	{van den Berg}, M. and {Dieball}, A. and {Grindlay}, J.},
    title = "{A Dwarf Nova in the Globular Cluster M13}",
  journal = {\apj},
archivePrefix = "arXiv",
   eprint = {1103.4638},
 primaryClass = "astro-ph.SR",
 keywords = {globular clusters: individual: M13 NGC 6205, novae, cataclysmic variables, stars: dwarf novae, X-rays: general},
     year = 2011,
    month = jun,
   volume = 733,
      eid = {106},
    pages = {106},
      doi = {10.1088/0004-637X/733/2/106},
   adsurl = {http://adsabs.harvard.edu/abs/2011ApJ...733..106S},
  adsnote = {Provided by the SAO/NASA Astrophysics Data System}
}

@ARTICLE{2011A&A...530A...6S,
   author = {{Scaringi}, S. and {Connolly}, S. and {Patterson}, J. and {Thorstensen}, J.~R. and 
	{Uthas}, H. and {Knigge}, C. and {Vican}, L. and {Monard}, B. and 
	{Rea}, R. and {Krajci}, T. and {Lowther}, S. and {Myers}, G. and 
	{Bolt}, G. and {Dieball}, A. and {Groot}, P.~J.},
    title = "{Confirmation of <ASTROBJ>1RXS J165443.5-191620</ASTROBJ> as an intermediate polar and its orbital and spin periods}",
  journal = {\aap},
archivePrefix = "arXiv",
   eprint = {1012.1867},
 keywords = {X-rays: binaries, binaries: close, stars: individual:1RXS J165443.5-191620, stars: individual:IGR J16547-1916, white dwarfs},
     year = 2011,
    month = jun,
   volume = 530,
      eid = {A6},
    pages = {A6},
      doi = {10.1051/0004-6361/201116585},
   adsurl = {http://adsabs.harvard.edu/abs/2011A%26A...530A...6S},
  adsnote = {Provided by the SAO/NASA Astrophysics Data System}
}

@ARTICLE{2011MNRAS.411..487P,
   author = {{Peacock}, M.~B. and {Maccarone}, T.~J. and {Dieball}, A. and 
	{Knigge}, C.},
    title = "{The ultraviolet colour of globular clusters in M31: a core density effect?}",
  journal = {\mnras},
archivePrefix = "arXiv",
   eprint = {1009.2524},
 primaryClass = "astro-ph.SR",
 keywords = {binaries: general, stars: horizontal branch, globular clusters: general, X-rays: binaries},
     year = 2011,
    month = feb,
   volume = 411,
    pages = {487-494},
      doi = {10.1111/j.1365-2966.2010.17691.x},
   adsurl = {http://adsabs.harvard.edu/abs/2011MNRAS.411..487P},
  adsnote = {Provided by the SAO/NASA Astrophysics Data System}
}

@ARTICLE{2011arXiv1101.2901K,
   author = {{Knigge}, C.},
    title = "{Cataclysmic Variables: Eight Breakthroughs in Eight Years}",
  journal = {ArXiv e-prints},
archivePrefix = "arXiv",
   eprint = {1101.2901},
 primaryClass = "astro-ph.SR",
 keywords = {Astrophysics - Solar and Stellar Astrophysics, Astrophysics - Cosmology and Nongalactic Astrophysics, Astrophysics - Astrophysics of Galaxies},
     year = 2011,
    month = jan,
   adsurl = {http://adsabs.harvard.edu/abs/2011arXiv1101.2901K},
  adsnote = {Provided by the SAO/NASA Astrophysics Data System}
}

@ARTICLE{2011arXiv1101.1538K,
   author = {{Knigge}, C.},
    title = "{The Secondary Stars of Cataclysmic Variables}",
  journal = {ArXiv e-prints},
archivePrefix = "arXiv",
   eprint = {1101.1538},
 primaryClass = "astro-ph.SR",
 keywords = {Astrophysics - Solar and Stellar Astrophysics, Astrophysics - Cosmology and Nongalactic Astrophysics, Astrophysics - Astrophysics of Galaxies},
     year = 2011,
    month = jan,
   adsurl = {http://adsabs.harvard.edu/abs/2011arXiv1101.1538K},
  adsnote = {Provided by the SAO/NASA Astrophysics Data System}
}

@INPROCEEDINGS{2010AIPC.1314..171K,
   author = {{Knigge}, C.},
    title = "{Cataclysmic Variables: Eight Breakthroughs in Eight Years}",
 keywords = {novae, accretion disks, brown dwarfs, binary stars, Novae dwarf novae recurrent novae and other cataclysmic  variables, Accretion and accretion disks, Low luminosity stars subdwarfs and brown dwarfs, X-ray binaries},
booktitle = {American Institute of Physics Conference Series},
     year = 2010,
   series = {American Institute of Physics Conference Series},
   volume = 1314,
   editor = {{Kalogera}, V. and {van der Sluys}, M.},
    month = dec,
    pages = {171-180},
      doi = {10.1063/1.3536361},
   adsurl = {http://adsabs.harvard.edu/abs/2010AIPC.1314..171K},
  adsnote = {Provided by the SAO/NASA Astrophysics Data System}
}

@ARTICLE{2010MNRAS.409..237U,
   author = {{Uthas}, H. and {Knigge}, C. and {Steeghs}, D.},
    title = "{The orbital period and system parameters of the recurrent nova TPyx}",
  journal = {\mnras},
archivePrefix = "arXiv",
   eprint = {1005.5166},
 primaryClass = "astro-ph.SR",
 keywords = {stars: individual: TPyx, novae, cataclysmic variables},
     year = 2010,
    month = nov,
   volume = 409,
    pages = {237-246},
      doi = {10.1111/j.1365-2966.2010.17046.x},
   adsurl = {http://adsabs.harvard.edu/abs/2010MNRAS.409..237U},
  adsnote = {Provided by the SAO/NASA Astrophysics Data System}
}

@ARTICLE{2010AJ....140.1313H,
   author = {{Hoard}, D.~W. and {Lu}, T.-N. and {Knigge}, C. and {Homer}, L. and 
	{Szkody}, P. and {Still}, M. and {Long}, K.~S. and {Dhillon}, V.~S. and 
	{Wachter}, S.},
    title = "{Simultaneous X-ray and Ultraviolet Observations of the SW Sextantis Star DW Ursae Majoris}",
  journal = {\aj},
 keywords = {accretion, accretion disks, novae, cataclysmic variables, stars: individual: DW Ursae Majoris, X-rays: binaries, X-rays: stars},
     year = 2010,
    month = nov,
   volume = 140,
    pages = {1313-1320},
      doi = {10.1088/0004-6256/140/5/1313},
   adsurl = {http://adsabs.harvard.edu/abs/2010AJ....140.1313H},
  adsnote = {Provided by the SAO/NASA Astrophysics Data System}
}

@ARTICLE{2010MNRAS.407L..21R,
   author = {{Rodr{\'{\i}}guez-Gil}, P. and {Santander-Garc{\'{\i}}a}, M. and 
	{Knigge}, C. and {Corradi}, R.~L.~M. and {G{\"a}nsicke}, B.~T. and 
	{Barlow}, M.~J. and {Drake}, J.~J. and {Drew}, J. and {Miszalski}, B. and 
	{Napiwotzki}, R. and {Steeghs}, D. and {Wesson}, R. and {Zijlstra}, A.~A. and 
	{Jones}, D. and {Liimets}, T. and {Mu{\~n}oz-Darias}, T. and 
	{Pyrzas}, S. and {Rubio-D{\'{\i}}ez}, M.~M.},
    title = "{The orbital period of V458 Vulpeculae, a post-double common-envelope nova}",
  journal = {\mnras},
archivePrefix = "arXiv",
   eprint = {1006.1075},
 primaryClass = "astro-ph.SR",
 keywords = {accretion, accretion discs, binaries: close, stars: individual: V458 Vul, novae, cataclysmic variables},
     year = 2010,
    month = sep,
   volume = 407,
    pages = {L21-L25},
      doi = {10.1111/j.1745-3933.2010.00895.x},
   adsurl = {http://adsabs.harvard.edu/abs/2010MNRAS.407L..21R},
  adsnote = {Provided by the SAO/NASA Astrophysics Data System}
}

@ARTICLE{2010MNRAS.406.2094C,
   author = {{Cottis}, C.~E. and {Goad}, M.~R. and {Knigge}, C. and {Scaringi}, S.
	},
    title = "{Searching for the signature of radiative line driving: on the absence of Ly{$\alpha$}-NV line-locking features in a large sample of BALQSOs}",
  journal = {\mnras},
archivePrefix = "arXiv",
   eprint = {1004.2145},
 keywords = {galaxies: active, quasars: absorption lines, quasars: general},
     year = 2010,
    month = aug,
   volume = 406,
    pages = {2094-2112},
      doi = {10.1111/j.1365-2966.2010.16839.x},
   adsurl = {http://adsabs.harvard.edu/abs/2010MNRAS.406.2094C},
  adsnote = {Provided by the SAO/NASA Astrophysics Data System}
}

@ARTICLE{2010MNRAS.406.2087M,
   author = {{Maccarone}, T.~J. and {Long}, K.~S. and {Knigge}, C. and {Dieball}, A. and 
	{Zurek}, D.~R.},
    title = "{Large amplitude variability from the persistent ultracompact X-ray binary in NGC1851}",
  journal = {\mnras},
archivePrefix = "arXiv",
   eprint = {1004.2351},
 primaryClass = "astro-ph.HE",
 keywords = {accretion, accretion discs, globular clusters: individual: NGC1851, X-rays: binaries, X-rays: individual: 4U0513-40},
     year = 2010,
    month = aug,
   volume = 406,
    pages = {2087-2093},
      doi = {10.1111/j.1365-2966.2010.16833.x},
   adsurl = {http://adsabs.harvard.edu/abs/2010MNRAS.406.2087M},
  adsnote = {Provided by the SAO/NASA Astrophysics Data System}
}

@ARTICLE{2010MNRAS.406.1084T,
   author = {{Thomson}, G.~S. and {Dieball}, A. and {Knigge}, C. and {Long}, K.~S. and 
	{Zurek}, D.~R.},
    title = "{A far-ultraviolet variability survey of the globular cluster M80}",
  journal = {\mnras},
archivePrefix = "arXiv",
   eprint = {1003.4509},
 primaryClass = "astro-ph.SR",
 keywords = {novae, cataclysmic variables, stars: variables: RR Lyrae, globular clusters: individual: M80, ultraviolet: stars},
     year = 2010,
    month = aug,
   volume = 406,
    pages = {1084-1093},
      doi = {10.1111/j.1365-2966.2010.16729.x},
   adsurl = {http://adsabs.harvard.edu/abs/2010MNRAS.406.1084T},
  adsnote = {Provided by the SAO/NASA Astrophysics Data System}
}

@ARTICLE{2010ApJ...719.1932N,
   author = {{Noebauer}, U.~M. and {Long}, K.~S. and {Sim}, S.~A. and {Knigge}, C.
	},
    title = "{The Geometry and Ionization Structure of the Wind in the Eclipsing Nova-like Variables RW Tri and UX UMa}",
  journal = {\apj},
archivePrefix = "arXiv",
   eprint = {1007.0209},
 primaryClass = "astro-ph.SR",
 keywords = {accretion, accretion disks, binaries: close, novae, cataclysmic variables, radiative transfer, stars: individual: RW Tri UX UMa, stars: winds, outflows},
     year = 2010,
    month = aug,
   volume = 719,
    pages = {1932-1945},
      doi = {10.1088/0004-637X/719/2/1932},
   adsurl = {http://adsabs.harvard.edu/abs/2010ApJ...719.1932N},
  adsnote = {Provided by the SAO/NASA Astrophysics Data System}
}

@ARTICLE{2010ApJ...718L.166V,
   author = {{Vandenbroucke}, J. and {Buehler}, R. and {Ajello}, M. and {Bechtol}, K. and 
	{Bellini}, A. and {Bolte}, M. and {Cheung}, C.~C. and {Civano}, F. and 
	{Donato}, D. and {Fuhrmann}, L. and {Funk}, S. and {Healey}, S.~E. and 
	{Hill}, A.~B. and {Knigge}, C. and {Madejski}, G.~M. and {Romani}, R.~W. and 
	{Santander-Garc{\'{\i}}a}, M. and {Shaw}, M.~S. and {Steeghs}, D. and 
	{Torres}, M.~A.~P. and {Van Etten}, A. and {Williams}, K.~A.
	},
    title = "{Discovery of a GeV Blazar Shining Through the Galactic Plane}",
  journal = {\apjl},
archivePrefix = "arXiv",
   eprint = {1004.1413},
 primaryClass = "astro-ph.HE",
 keywords = {galaxies: active},
     year = 2010,
    month = aug,
   volume = 718,
    pages = {L166-L170},
      doi = {10.1088/2041-8205/718/2/L166},
   adsurl = {http://adsabs.harvard.edu/abs/2010ApJ...718L.166V},
  adsnote = {Provided by the SAO/NASA Astrophysics Data System}
}

@ARTICLE{2010yCat..74020803P,
   author = {{Peacock}, M.~B. and {Maccarone}, T.~J. and {Knigge}, C. and 
	{Kundu}, A. and {Waters}, C.~Z. and {Zepf}, S.~E. and {Zurek}, D.~R.
	},
    title = "{VizieR Online Data Catalog: M31 globular cluster system (Peacock+, 2010)}",
  journal = {VizieR Online Data Catalog},
 keywords = {Galaxies: nearby, Clusters: globular, Photometry: SDSS},
     year = 2010,
    month = jul,
   volume = 740,
    pages = {20803},
   adsurl = {http://adsabs.harvard.edu/abs/2010yCat..74020803P},
  adsnote = {Provided by the SAO/NASA Astrophysics Data System}
}

@ARTICLE{2010AIPC.1248..201S,
   author = {{Scaringi}, S. and {Bird}, A.~J. and {Norton}, A.~J. and {Knigge}, C. and 
	{Hill}, A.~B. and {Clark}, D.~J. and {Dean}, A.~J. and {Barlow}, E.~J. and 
	{Bassani}, L. and {Bazzano}, A. and {Fiocchi}, M. and {Landi}, R.
	},
    title = "{Hard X-ray properties of magnetic cataclysmic variables}",
  journal = {X-ray Astronomy 2009; Present Status, Multi-Wavelength Approach and Future Perspectives},
 keywords = {X-ray sources (astronomical), X-ray emission spectra, accretion disks, X-ray spectra, X-ray sources, X-ray bursts, X-ray emission spectra and fluorescence, Accretion and accretion disks, X-ray},
     year = 2010,
    month = jul,
   volume = 1248,
    pages = {201-202},
      doi = {10.1063/1.3475205},
   adsurl = {http://adsabs.harvard.edu/abs/2010AIPC.1248..201S},
  adsnote = {Provided by the SAO/NASA Astrophysics Data System}
}

@ARTICLE{2010ApJ...714..894H,
   author = {{Heinke}, C.~O. and {Altamirano}, D. and {Cohn}, H.~N. and {Lugger}, P.~M. and 
	{Budac}, S.~A. and {Servillat}, M. and {Linares}, M. and {Strohmayer}, T.~E. and 
	{Markwardt}, C.~B. and {Wijnands}, R. and {Swank}, J.~H. and 
	{Knigge}, C. and {Bailyn}, C. and {Grindlay}, J.~E.},
    title = "{Discovery of a Second Transient Low-Mass X-ray Binary in the Globular Cluster Ngc 6440}",
  journal = {\apj},
archivePrefix = "arXiv",
   eprint = {0911.0444},
 primaryClass = "astro-ph.HE",
 keywords = {dense matter, pulsars: general, stars: neutron, X-rays: binaries},
     year = 2010,
    month = may,
   volume = 714,
    pages = {894-903},
      doi = {10.1088/0004-637X/714/1/894},
   adsurl = {http://adsabs.harvard.edu/abs/2010ApJ...714..894H},
  adsnote = {Provided by the SAO/NASA Astrophysics Data System}
}

@ARTICLE{2010yCat..73990323G,
   author = {{Groot}, P.~J. and {Verbeek}, K. and {Greimel}, R. and {Irwin}, M. and 
	{Gonzalez-Solares}, E. and {Gansicke}, B.~T. and {de Groot}, E. and 
	{Drew}, J. and {Augusteijn}, T. and {Aungwerojwit}, A. and {Barlow}, M. and 
	{Barros}, S. and {van den Besselaar}, E.~J.~M. and {Casares}, J. and 
	{Corradi}, R. and {Corral-Santana}, J.~M. and {Deacon}, N. and 
	{van Ham}, W. and {Hu}, H. and {Heber}, U. and {Jonker}, P.~G. and 
	{King}, R. and {Knigge}, C. and {Mampaso}, A. and {Marsh}, T.~R. and 
	{Morales-Rueda}, L. and {Napiwotzki}, R. and {Naylor}, T. and 
	{Nelemans}, G. and {Oosting}, T. and {Pyrzas}, S. and {Pretorius}, M. and 
	{Rodriguez-Gil}, P. and {Roelofs}, G.~H.~A. and {Sale}, S. and 
	{Schellart}, P. and {Steeghs}, D. and {Szyszka}, C. and {Unruh}, Y. and 
	{Walton}, N.~A. and {Weston}, S. and {Witham}, A. and {Woudt}, P. and 
	{Zijlstra}, A.},
    title = "{VizieR Online Data Catalog: Simulated UVEX colors with reddening (Groot+, 2009)}",
  journal = {VizieR Online Data Catalog},
 keywords = {Models, Reddening, Ultraviolet, Galactic plane},
     year = 2010,
    month = mar,
   volume = 739,
    pages = {90323},
   adsurl = {http://adsabs.harvard.edu/abs/2010yCat..73990323G},
  adsnote = {Provided by the SAO/NASA Astrophysics Data System}
}

@ARTICLE{2010MNRAS.402..803P,
   author = {{Peacock}, M.~B. and {Maccarone}, T.~J. and {Knigge}, C. and 
	{Kundu}, A. and {Waters}, C.~Z. and {Zepf}, S.~E. and {Zurek}, D.~R.
	},
    title = "{The M31 globular cluster system: ugriz and K-band photometry and structural parameters}",
  journal = {\mnras},
archivePrefix = "arXiv",
   eprint = {0910.5475},
 keywords = {globular clusters: general, galaxies: individual: M31, galaxies: star clusters},
     year = 2010,
    month = feb,
   volume = 402,
    pages = {803-818},
      doi = {10.1111/j.1365-2966.2009.15952.x},
   adsurl = {http://adsabs.harvard.edu/abs/2010MNRAS.402..803P},
  adsnote = {Provided by the SAO/NASA Astrophysics Data System}
}

@ARTICLE{2010MNRAS.402..713S,
   author = {{Sale}, S.~E. and {Drew}, J.~E. and {Knigge}, C. and {Zijlstra}, A.~A. and 
	{Irwin}, M.~J. and {Morris}, R.~A.~H. and {Phillipps}, S. and 
	{Drake}, J.~J. and {Greimel}, R. and {Unruh}, Y.~C. and {Groot}, P.~J. and 
	{Mampaso}, A. and {Walton}, N.~A.},
    title = "{The structure of the outer Galactic disc as revealed by IPHAS early A stars}",
  journal = {\mnras},
archivePrefix = "arXiv",
   eprint = {0909.3857},
 keywords = {surveys, Galaxy: abundances, Galaxy: disc, Galaxy: stellar content, Galaxy: structure},
     year = 2010,
    month = feb,
   volume = 402,
    pages = {713-723},
      doi = {10.1111/j.1365-2966.2009.15746.x},
   adsurl = {http://adsabs.harvard.edu/abs/2010MNRAS.402..713S},
  adsnote = {Provided by the SAO/NASA Astrophysics Data System}
}

@ARTICLE{2010MNRAS.401.2207S,
   author = {{Scaringi}, S. and {Bird}, A.~J. and {Norton}, A.~J. and {Knigge}, C. and 
	{Hill}, A.~B. and {Clark}, D.~J. and {Dean}, A.~J. and {McBride}, V.~A. and 
	{Barlow}, E.~J. and {Bassani}, L. and {Bazzano}, A. and {Fiocchi}, M. and 
	{Landi}, R.},
    title = "{Hard X-ray properties of magnetic cataclysmic variables}",
  journal = {\mnras},
archivePrefix = "arXiv",
   eprint = {0910.0954},
 keywords = {surveys, novae, cataclysmic variables, gamma-rays: observations, X-rays: binaries},
     year = 2010,
    month = feb,
   volume = 401,
    pages = {2207-2218},
      doi = {10.1111/j.1365-2966.2009.15826.x},
   adsurl = {http://adsabs.harvard.edu/abs/2010MNRAS.401.2207S},
  adsnote = {Provided by the SAO/NASA Astrophysics Data System}
}

@INPROCEEDINGS{2010HEAD...11.1903L,
   author = {{Lu}, T.-N. and {Hoard}, D.~W. and {Knigge}, C. and {Homer}, L. and 
	{Szkody}, P. and {Still}, M. and {Long}, K.~S. and {Dhillon}, V.~S. and 
	{Wachter}, S.},
    title = "{X-ray Eclipse in DW Ursae Majoris?}",
booktitle = {AAS/High Energy Astrophysics Division \#11},
     year = 2010,
   series = {Bulletin of the American Astronomical Society},
   volume = 42,
    month = feb,
    pages = {689},
   adsurl = {http://adsabs.harvard.edu/abs/2010HEAD...11.1903L},
  adsnote = {Provided by the SAO/NASA Astrophysics Data System}
}

@ARTICLE{2010ATel.2429....1K,
   author = {{Knigge}, C. and {Steeghs}, D. and {Gaensicke}, B. and {Drew}, J.~E. and 
	{Groot}, P.~J. and {Zijlstra}, A.~A. and {Torres}, M. and {Rodriguez Gil}, P. and 
	{Casares}, J. and {Santander Garcia}, M. and {Drake}, J. and 
	{Verbeek}, K. and {Sale}, S.},
    title = "{The optical counterpart of the new Fermi LAT flaring source J0109+6134 near the Galactic Plane}",
  journal = {The Astronomer's Telegram},
 keywords = {Optical, X-ray, Gamma Ray, Transients},
     year = 2010,
    month = feb,
   volume = 2429,
    pages = {1},
   adsurl = {http://adsabs.harvard.edu/abs/2010ATel.2429....1K},
  adsnote = {Provided by the SAO/NASA Astrophysics Data System}
}

@ARTICLE{2010ApJ...710..332D,
   author = {{Dieball}, A. and {Long}, K.~S. and {Knigge}, C. and {Thomson}, G.~S. and 
	{Zurek}, D.~R.},
    title = "{A Far-ultraviolet Survey of M80: X-Ray Source Counterparts, Strange Blue Stragglers, and the Recovery of Nova T Sco}",
  journal = {\apj},
archivePrefix = "arXiv",
   eprint = {1001.1161},
 primaryClass = "astro-ph.SR",
 keywords = {binaries: close, globular clusters: individual: M80, novae, cataclysmic variables, stars: individual: T Scorpii, ultraviolet: stars},
     year = 2010,
    month = feb,
   volume = 710,
    pages = {332-345},
      doi = {10.1088/0004-637X/710/1/332},
   adsurl = {http://adsabs.harvard.edu/abs/2010ApJ...710..332D},
  adsnote = {Provided by the SAO/NASA Astrophysics Data System}
}

@ARTICLE{2010ApJ...708.1772D,
   author = {{Dieball}, A. and {Knigge}, C. and {Zurek}, D.~R. and {Shara}, M.~M. and 
	{Long}, K.~S. and {Charles}, P.~A. and {Hannikainen}, D.},
    title = "{Erratum: ''Unveiling the Core of the Globular Cluster M 15 in the Ultraviolet'' <A href=''/abs/2007ApJ...670..379D''>(2007, ApJ, 670, 379)</A>}",
  journal = {\apj},
     year = 2010,
    month = jan,
   volume = 708,
    pages = {1772},
      doi = {10.1088/0004-637X/708/2/1772},
   adsurl = {http://adsabs.harvard.edu/abs/2010ApJ...708.1772D},
  adsnote = {Provided by the SAO/NASA Astrophysics Data System}
}

@ARTICLE{2009MNRAS.399.2231S,
   author = {{Scaringi}, S. and {Cottis}, C.~E. and {Knigge}, C. and {Goad}, M.~R.
	},
    title = "{Classifying broad absorption line quasars: metrics, issues and a new catalogue constructed from SDSS DR5}",
  journal = {\mnras},
archivePrefix = "arXiv",
   eprint = {0907.2525},
 keywords = {catalogues , surveys , quasars: absorption lines},
     year = 2009,
    month = nov,
   volume = 399,
    pages = {2231-2238},
      doi = {10.1111/j.1365-2966.2009.15426.x},
   adsurl = {http://adsabs.harvard.edu/abs/2009MNRAS.399.2231S},
  adsnote = {Provided by the SAO/NASA Astrophysics Data System}
}

@ARTICLE{2009MNRAS.399L.179L,
   author = {{Leigh}, N. and {Sills}, A. and {Knigge}, C.},
    title = "{Stellar populations in globular cluster cores: evidence for a peculiar trend among red giant branch stars}",
  journal = {\mnras},
archivePrefix = "arXiv",
   eprint = {0909.2864},
 primaryClass = "astro-ph.SR",
 keywords = {stellar dynamics , stars: evolution , stars: statistics , globular clusters: general},
     year = 2009,
    month = oct,
   volume = 399,
    pages = {L179-L183},
      doi = {10.1111/j.1745-3933.2009.00749.x},
   adsurl = {http://adsabs.harvard.edu/abs/2009MNRAS.399L.179L},
  adsnote = {Provided by the SAO/NASA Astrophysics Data System}
}

@ARTICLE{2009MNRAS.399..323G,
   author = {{Groot}, P.~J. and {Verbeek}, K. and {Greimel}, R. and {Irwin}, M. and 
	{Gonz{\'a}lez-Solares}, E. and {G{\"a}nsicke}, B.~T. and {de Groot}, E. and 
	{Drew}, J. and {Augusteijn}, T. and {Aungwerojwit}, A. and {Barlow}, M. and 
	{Barros}, S. and {van den Besselaar}, E.~J.~M. and {Casares}, J. and 
	{Corradi}, R. and {Corral-Santana}, J.~M. and {Deacon}, N. and 
	{van Ham}, W. and {Hu}, H. and {Heber}, U. and {Jonker}, P.~G. and 
	{King}, R. and {Knigge}, C. and {Mampaso}, A. and {Marsh}, T.~R. and 
	{Morales-Rueda}, L. and {Napiwotzki}, R. and {Naylor}, T. and 
	{Nelemans}, G. and {Oosting}, T. and {Pyrzas}, S. and {Pretorius}, M. and 
	{Rodr{\'{\i}}guez-Gil}, P. and {Roelofs}, G.~H.~A. and {Sale}, S. and 
	{Schellart}, P. and {Steeghs}, D. and {Szyszka}, C. and {Unruh}, Y. and 
	{Walton}, N.~A. and {Weston}, S. and {Witham}, A. and {Woudt}, P. and 
	{Zijlstra}, A.},
    title = "{The UV-Excess survey of the northern Galactic plane}",
  journal = {\mnras},
archivePrefix = "arXiv",
   eprint = {0906.3498},
 keywords = {surveys , stars: general , ISM: general , Galaxy: disc , Galaxy: stellar content , Galaxy: structure},
     year = 2009,
    month = oct,
   volume = 399,
    pages = {323-339},
      doi = {10.1111/j.1365-2966.2009.15273.x},
   adsurl = {http://adsabs.harvard.edu/abs/2009MNRAS.399..323G},
  adsnote = {Provided by the SAO/NASA Astrophysics Data System}
}

@MISC{2009atnf.prop.2703K,
   author = {{Koerding}, E. and {Tzioumis}, A. and {Fender}, R. and {Knigge}, C.
	},
    title = "{Confirmation of radio emission originating from the nova like V3885 Sgr}",
 keywords = {compact binaries and/or black-holes, ATCA},
howpublished = {ATNF Proposal},
     year = 2009,
    month = oct,
    pages = {2703},
   adsurl = {http://adsabs.harvard.edu/abs/2009atnf.prop.2703K},
  adsnote = {Provided by the SAO/NASA Astrophysics Data System}
}

@MISC{2009atnf.prop.2574F,
   author = {{Fender}, R. and {Tzioumis}, A. and {Maccarone}, T. and {Knigge}, C.
	},
    title = "{A possible nearby low-luminosity black hole}",
 keywords = {compact binaries and/or black-holes, ATCA},
howpublished = {ATNF Proposal},
     year = 2009,
    month = oct,
    pages = {2574},
   adsurl = {http://adsabs.harvard.edu/abs/2009atnf.prop.2574F},
  adsnote = {Provided by the SAO/NASA Astrophysics Data System}
}

@ARTICLE{2009yCat..73992231S,
   author = {{Scaringi}, S. and {Cottis}, C. and {Knigge}, C. and {Goad}, M.
	},
    title = "{VizieR Online Data Catalog: SDSS DR5 BALQSO catalog (Scaringi+, 2009)}",
  journal = {VizieR Online Data Catalog},
 keywords = {Surveys, QSOs, Redshifts},
     year = 2009,
    month = sep,
   volume = 739,
    pages = {92231},
   adsurl = {http://adsabs.harvard.edu/abs/2009yCat..73992231S},
  adsnote = {Provided by the SAO/NASA Astrophysics Data System}
}

@INPROCEEDINGS{2009cfdd.confE.194S,
   author = {{Servillat}, M. and {Dieball}, A. and {Webb}, N.~A. and {Knigge}, C. and 
	{Maccarone}, T. and {Cornelisse}, R. and {Barret}, D. and {Long}, K.~S. and 
	{Shara}, M.~M. and {Zurek}, D.~R.},
    title = "{A multiwavelength study of the globular cluster NGC 2808 with Chandra, XMM-Newton, HST and ATCA observations}",
 keywords = {Globular Clusters},
booktitle = {Chandra's First Decade of Discovery},
     year = 2009,
   editor = {{Wolk}, S. and {Fruscione}, A. and {Swartz}, D.},
    month = sep,
    pages = {194},
   adsurl = {http://adsabs.harvard.edu/abs/2009cfdd.confE.194S},
  adsnote = {Provided by the SAO/NASA Astrophysics Data System}
}

@ARTICLE{2009MNRAS.397.1113W,
   author = {{Wang}, Y. and {Kaiser}, C.~R. and {Laing}, R. and {Alexander}, P. and 
	{Pavlovski}, G. and {Knigge}, C.},
    title = "{A relativistic mixing-layer model for jets in low-luminosity radio galaxies}",
  journal = {\mnras},
archivePrefix = "arXiv",
   eprint = {0905.2507},
 keywords = {galaxies: active , galaxies: individual: 3C31 , galaxies: ISM , galaxies: jets},
     year = 2009,
    month = aug,
   volume = 397,
    pages = {1113-1124},
      doi = {10.1111/j.1365-2966.2009.15026.x},
   adsurl = {http://adsabs.harvard.edu/abs/2009MNRAS.397.1113W},
  adsnote = {Provided by the SAO/NASA Astrophysics Data System}
}

@ARTICLE{2009ApJ...699.1113Z,
   author = {{Zurek}, D.~R. and {Knigge}, C. and {Maccarone}, T.~J. and {Dieball}, A. and 
	{Long}, K.~S.},
    title = "{An Ultracompact X-Ray Binary in the Globular Cluster NGC 1851}",
  journal = {\apj},
archivePrefix = "arXiv",
   eprint = {0905.0145},
 primaryClass = "astro-ph.HE",
 keywords = {binaries: close, globular clusters: individual: NGC 1851, stars: individual: 4U 0513-40, ultraviolet: stars},
     year = 2009,
    month = jul,
   volume = 699,
    pages = {1113-1118},
      doi = {10.1088/0004-637X/699/2/1113},
   adsurl = {http://adsabs.harvard.edu/abs/2009ApJ...699.1113Z},
  adsnote = {Provided by the SAO/NASA Astrophysics Data System}
}

@ARTICLE{2009ApJ...697.1512L,
   author = {{Long}, K.~S. and {G{\"a}nsicke}, B.~T. and {Knigge}, C. and 
	{Froning}, C.~S. and {Monard}, B.},
    title = "{The Effect of a Superoutburst on the White Dwarf and Disk of VW Hydri as Observed with FUSE}",
  journal = {\apj},
archivePrefix = "arXiv",
   eprint = {0903.1440},
 primaryClass = "astro-ph.GA",
 keywords = {binaries: close, novae, cataclysmic variables, stars: individual: VW Hydri, ultraviolet: stars},
     year = 2009,
    month = jun,
   volume = 697,
    pages = {1512-1528},
      doi = {10.1088/0004-637X/697/2/1512},
   adsurl = {http://adsabs.harvard.edu/abs/2009ApJ...697.1512L},
  adsnote = {Provided by the SAO/NASA Astrophysics Data System}
}

@ARTICLE{2009yCat..73929055P,
   author = {{Peacock}, M.~B. and {Maccarone}, T.~J. and {Waters}, C.~Z. and 
	{Kundu}, A. and {Zepf}, S.~E. and {Knigge}, C. and {Zurek}, D.~R.
	},
    title = "{VizieR Online Data Catalog: Globular clusters in M31 from K-band photometry (Peacock+, 2009)}",
  journal = {VizieR Online Data Catalog},
 keywords = {Galaxies: nearby, Clusters: globular, Morphology, Magnitudes},
     year = 2009,
    month = may,
   volume = 739,
    pages = {29055},
   adsurl = {http://adsabs.harvard.edu/abs/2009yCat..73929055P},
  adsnote = {Provided by the SAO/NASA Astrophysics Data System}
}

@ARTICLE{2009AJ....137.4160N,
   author = {{Ness}, J.-U. and {Drake}, J.~J. and {Beardmore}, A.~P. and 
	{Boyd}, D. and {Bode}, M.~F. and {Brady}, S. and {Evans}, P.~A. and 
	{Gaensicke}, B.~T. and {Kitamoto}, S. and {Knigge}, C. and {Miller}, I. and 
	{Osborne}, J.~P. and {Page}, K.~L. and {Rodriguez-Gil}, P. and 
	{Schwarz}, G. and {Staels}, B. and {Steeghs}, D. and {Takei}, D. and 
	{Tsujimoto}, M. and {Wesson}, R. and {Zijlstra}, A.},
    title = "{Swift X-Ray and Ultraviolet Monitoring of the Classical Nova V458 Vul (Nova Vul 2007)}",
  journal = {\aj},
archivePrefix = "arXiv",
   eprint = {0902.2199},
 primaryClass = "astro-ph.HE",
 keywords = {novae, cataclysmic variables, stars: individual: V458 Vul},
     year = 2009,
    month = may,
   volume = 137,
    pages = {4160-4168},
      doi = {10.1088/0004-6256/137/5/4160},
   adsurl = {http://adsabs.harvard.edu/abs/2009AJ....137.4160N},
  adsnote = {Provided by the SAO/NASA Astrophysics Data System}
}

@ARTICLE{2009MNRAS.394L..56D,
   author = {{Dieball}, A. and {Knigge}, C. and {Maccarone}, T.~J. and {Long}, K.~S. and 
	{Hannikainen}, D.~C. and {Zurek}, D. and {Shara}, M.},
    title = "{Blue hook stars in globular clusters}",
  journal = {\mnras},
archivePrefix = "arXiv",
   eprint = {0901.1309},
 primaryClass = "astro-ph.GA",
 keywords = {stars: horizontal branch, globular clusters: general},
     year = 2009,
    month = mar,
   volume = 394,
    pages = {L56-L60},
      doi = {10.1111/j.1745-3933.2008.00609.x},
   adsurl = {http://adsabs.harvard.edu/abs/2009MNRAS.394L..56D},
  adsnote = {Provided by the SAO/NASA Astrophysics Data System}
}

@ARTICLE{2009MNRAS.393.1608F,
   author = {{Fender}, R.~P. and {Russell}, D.~M. and {Knigge}, C. and {Soria}, R. and 
	{Hynes}, R.~I. and {Goad}, M.},
    title = "{An anticorrelation between X-ray luminosity and H{$\alpha$} equivalent width in X-ray binaries}",
  journal = {\mnras},
archivePrefix = "arXiv",
   eprint = {0811.4260},
 keywords = {accretion, accretion discs , X-rays: binaries},
     year = 2009,
    month = mar,
   volume = 393,
    pages = {1608-1616},
      doi = {10.1111/j.1365-2966.2008.14299.x},
   adsurl = {http://adsabs.harvard.edu/abs/2009MNRAS.393.1608F},
  adsnote = {Provided by the SAO/NASA Astrophysics Data System}
}

@ARTICLE{2009MNRAS.393.1070M,
   author = {{Maccarone}, T.~J. and {Fender}, R.~P. and {Knigge}, C. and 
	{Tzioumis}, A.~K.},
    title = "{Constraints on black hole accretion in V Puppis}",
  journal = {\mnras},
archivePrefix = "arXiv",
   eprint = {0811.4043},
 keywords = {stars: individual: V Puppis , X-rays: stars},
     year = 2009,
    month = mar,
   volume = 393,
    pages = {1070-1072},
      doi = {10.1111/j.1365-2966.2008.14291.x},
   adsurl = {http://adsabs.harvard.edu/abs/2009MNRAS.393.1070M},
  adsnote = {Provided by the SAO/NASA Astrophysics Data System}
}

@ARTICLE{2009Natur.457..288K,
   author = {{Knigge}, C. and {Leigh}, N. and {Sills}, A.},
    title = "{A binary origin for `blue stragglers' in globular clusters}",
  journal = {\nat},
archivePrefix = "arXiv",
   eprint = {0901.2345},
 primaryClass = "astro-ph.SR",
     year = 2009,
    month = jan,
   volume = 457,
    pages = {288-290},
      doi = {10.1038/nature07635},
   adsurl = {http://adsabs.harvard.edu/abs/2009Natur.457..288K},
  adsnote = {Provided by the SAO/NASA Astrophysics Data System}
}

@ARTICLE{2009MNRAS.392L..55P,
   author = {{Peacock}, M.~B. and {Maccarone}, T.~J. and {Waters}, C.~Z. and 
	{Kundu}, A. and {Zepf}, S.~E. and {Knigge}, C. and {Zurek}, D.~R.
	},
    title = "{Wide Field CAMera survey of M31 globular clusters: low-mass X-ray binaries}",
  journal = {\mnras},
archivePrefix = "arXiv",
   eprint = {0811.0275},
 keywords = {binaries: general, globular clusters: general, X-rays: binaries},
     year = 2009,
    month = jan,
   volume = 392,
    pages = {L55-L59},
      doi = {10.1111/j.1745-3933.2008.00588.x},
   adsurl = {http://adsabs.harvard.edu/abs/2009MNRAS.392L..55P},
  adsnote = {Provided by the SAO/NASA Astrophysics Data System}
}

@ARTICLE{2009MNRAS.392..497S,
   author = {{Sale}, S.~E. and {Drew}, J.~E. and {Unruh}, Y.~C. and {Irwin}, M.~J. and 
	{Knigge}, C. and {Phillipps}, S. and {Zijlstra}, A.~A. and {G{\"a}nsicke}, B.~T. and 
	{Greimel}, R. and {Groot}, P.~J. and {Mampaso}, A. and {Morris}, R.~A.~H. and 
	{Napiwotzki}, R. and {Steeghs}, D. and {Walton}, N.~A.},
    title = "{High spatial resolution Galactic 3D extinction mapping with IPHAS}",
  journal = {\mnras},
archivePrefix = "arXiv",
   eprint = {0810.2547},
 keywords = {methods: miscellaneous , surveys , stars: general , dust, extinction , ISM: structure , Galaxy: disc},
     year = 2009,
    month = jan,
   volume = 392,
    pages = {497-513},
      doi = {10.1111/j.1365-2966.2008.14083.x},
   adsurl = {http://adsabs.harvard.edu/abs/2009MNRAS.392..497S},
  adsnote = {Provided by the SAO/NASA Astrophysics Data System}
}

@INPROCEEDINGS{2009astro2010S.221N,
   author = {{Nelemans}, G. and {Wood}, M. and {Groot}, P. and {Anderson}, S. and 
	{Belczynski}, K. and {Benacquista}, M. and {Charles}, P. and 
	{Cumming}, A. and {Deloye}, C. and {Jonker}, P. and {Kalogera}, V. and 
	{Knigge}, C. and {Marsh}, T. and {Motl}, P. and {Napiwotzki}, R. and 
	{O'Brien}, K. and {Phinney}, E.~S. and {Ramsay}, G. and {Shahbaz}, T. and 
	{Solheim}, J.-E. and {Steeghs}, D. and {van der Sluys}, M. and 
	{Verbunt}, F. and {Warner}, B. and {Werner}, K. and {Wu}, K. and 
	{Yungelson}, L.~R.},
    title = "{The astrophysics of ultra-compact binaries}",
booktitle = {astro2010: The Astronomy and Astrophysics Decadal Survey},
     year = 2009,
   series = {Astronomy},
   volume = 2010,
archivePrefix = "arXiv",
   eprint = {0902.2923},
 primaryClass = "astro-ph.SR",
    pages = {221},
   adsurl = {http://adsabs.harvard.edu/abs/2009astro2010S.221N},
  adsnote = {Provided by the SAO/NASA Astrophysics Data System}
}

@INPROCEEDINGS{2008AIPC.1082..191S,
   author = {{Scaringi}, S. and {Cottis}, C.~E. and {Knigge}, C. and {Goad}, M.~R.
	},
    title = "{Broad Absorption Line Quasar catalogues with Supervised Neural Networks}",
 keywords = {Quasars, Astronomical catalogs atlases sky surveys databases retrieval systems archives etc., Neural networks},
booktitle = {American Institute of Physics Conference Series},
     year = 2008,
   series = {American Institute of Physics Conference Series},
   volume = 1082,
archivePrefix = "arXiv",
   eprint = {0810.4396},
   editor = {{Bailer-Jones}, C.~A.~L.},
    month = dec,
    pages = {191-195},
      doi = {10.1063/1.3059042},
   adsurl = {http://adsabs.harvard.edu/abs/2008AIPC.1082..191S},
  adsnote = {Provided by the SAO/NASA Astrophysics Data System}
}

@ARTICLE{2008yCat..34900641S,
   author = {{Servillat}, M. and {Dieball}, A. and {Webb}, N.~A. and {Knigge}, C. and 
	{Cornelisse}, R. and {Barret}, D. and {Long}, K.~S. and {Shara}, M.~M. and 
	{Zurek}, D.~R.},
    title = "{VizieR Online Data Catalog: X-ray sources toward NGC 2808 (Servillat+, 2008)}",
  journal = {VizieR Online Data Catalog},
 keywords = {Clusters: globular, X-ray sources},
     year = 2008,
    month = nov,
   volume = 349,
    pages = {641},
   adsurl = {http://adsabs.harvard.edu/abs/2008yCat..34900641S},
  adsnote = {Provided by the SAO/NASA Astrophysics Data System}
}

@INPROCEEDINGS{2008sf2a.conf..283S,
   author = {{Servillat}, M. and {Dieball}, A. and {Webb}, N.~A. and {Knigge}, C. and 
	{Maccarone}, C. and {Barret}, D. and {Cornelisse}, R. and {Long}, K.~S. and 
	{Shara}, M.~M. and {Zurek}, D.~R.},
    title = "{Multiwavelength study of X-ray sources in the globular cluster NGC 2808: Chandra, XMM-Newton, HST and ATCA observations}",
booktitle = {SF2A-2008},
     year = 2008,
   editor = {{Charbonnel}, C. and {Combes}, F. and {Samadi}, R.},
    month = nov,
    pages = {283},
   adsurl = {http://adsabs.harvard.edu/abs/2008sf2a.conf..283S},
  adsnote = {Provided by the SAO/NASA Astrophysics Data System}
}

@ARTICLE{2008ApJ...688L..21W,
   author = {{Wesson}, R. and {Barlow}, M.~J. and {Corradi}, R.~L.~M. and 
	{Drew}, J.~E. and {Groot}, P.~J. and {Knigge}, C. and {Steeghs}, D. and 
	{Gaensicke}, B.~T. and {Napiwotzki}, R. and {Rodriguez-Gil}, P. and 
	{Zijlstra}, A.~A. and {Bode}, M.~F. and {Drake}, J.~J. and {Frew}, D.~J. and 
	{Gonzalez-Solares}, E.~A. and {Greimel}, R. and {Irwin}, M.~J. and 
	{Morales-Rueda}, L. and {Nelemans}, G. and {Parker}, Q.~A. and 
	{Sale}, S.~E. and {Sokoloski}, J.~L. and {Somero}, A. and {Uthas}, H. and 
	{Walton}, N.~A. and {Warner}, B. and {Watson}, C.~A. and {Wright}, N.~J.
	},
    title = "{A Planetary Nebula around Nova V458 Vulpeculae Undergoing Flash Ionization}",
  journal = {\apjl},
archivePrefix = "arXiv",
   eprint = {0810.0401},
 keywords = {ISM: Abundances, Stars: Novae, Cataclysmic Variables},
     year = 2008,
    month = nov,
   volume = 688,
    pages = {L21-L24},
      doi = {10.1086/594366},
   adsurl = {http://adsabs.harvard.edu/abs/2008ApJ...688L..21W},
  adsnote = {Provided by the SAO/NASA Astrophysics Data System}
}

@ARTICLE{2008A&A...490..641S,
   author = {{Servillat}, M. and {Dieball}, A. and {Webb}, N.~A. and {Knigge}, C. and 
	{Cornelisse}, R. and {Barret}, D. and {Long}, K.~S. and {Shara}, M.~M. and 
	{Zurek}, D.~R.},
    title = "{Combined Chandra, XMM-Newton, and Hubble Space Telescope observations of the Galactic globular cluster <ASTROBJ>NGC 2808</ASTROBJ>}",
  journal = {\aap},
archivePrefix = "arXiv",
   eprint = {0808.2661},
 keywords = {globular clusters: individual: <ASTROBJ>NGC 2808</ASTROBJ>, X-rays: general, binaries: close, novae, cataclysmic variables},
     year = 2008,
    month = nov,
   volume = 490,
    pages = {641-654},
      doi = {10.1051/0004-6361:200810188},
   adsurl = {http://adsabs.harvard.edu/abs/2008A%26A...490..641S},
  adsnote = {Provided by the SAO/NASA Astrophysics Data System}
}

@ARTICLE{2008ATel.1721....1D,
   author = {{Drake}, J.~J. and {Page}, K.~L. and {Osborne}, J.~P. and {Beardmore}, A.~P. and 
	{Ness}, J.-U. and {Starrfield}, S. and {Schwarz}, G. and {Tsujimoto}, M. and 
	{Wesson}, R. and {Bode}, M. and {Rodriguez-Gil}, P. and {Gaensicke}, B. and 
	{Steeghs}, D. and {Knigge}, C. and {Takei}, D. and {Zijlstra}, A.
	},
    title = "{V458 Vul (Nova Vul 2007) becomes a highly-variable supersoft X-ray source}",
  journal = {The Astronomer's Telegram},
 keywords = {Ultra-Violet, X-ray, Novae},
     year = 2008,
    month = sep,
   volume = 1721,
    pages = {1},
   adsurl = {http://adsabs.harvard.edu/abs/2008ATel.1721....1D},
  adsnote = {Provided by the SAO/NASA Astrophysics Data System}
}

@ARTICLE{2008ATel.1653....1S,
   author = {{Steeghs}, D. and {Knigge}, C. and {Drew}, J. and {Unruh}, Y. and 
	{Greimel}, R.},
    title = "{IPHAS identification of IGR J19267+1325 as a Cataclysmic Variable}",
  journal = {The Astronomer's Telegram},
 keywords = {Optical, X-ray, Binaries, Cataclysmic Variables},
     year = 2008,
    month = aug,
   volume = 1653,
    pages = {1},
   adsurl = {http://adsabs.harvard.edu/abs/2008ATel.1653....1S},
  adsnote = {Provided by the SAO/NASA Astrophysics Data System}
}

@ARTICLE{2008ApJ...683.1006K,
   author = {{Knigge}, C. and {Dieball}, A. and {Ma{\'{\i}}z Apell{\'a}niz}, J. and 
	{Long}, K.~S. and {Zurek}, D.~R. and {Shara}, M.~M.},
    title = "{Stellar Exotica in 47 Tucanae}",
  journal = {\apj},
archivePrefix = "arXiv",
   eprint = {0805.0140},
 keywords = {Stars: Binaries: Close, Stars: Blue Stragglers, Galaxy: Globular Clusters: Individual: NGC Number: NGC 104, Stars: Novae, Cataclysmic Variables, Techniques: Spectroscopic, Ultraviolet: Stars, Stars: White Dwarfs},
     year = 2008,
    month = aug,
   volume = 683,
    pages = {1006-1030},
      doi = {10.1086/589987},
   adsurl = {http://adsabs.harvard.edu/abs/2008ApJ...683.1006K},
  adsnote = {Provided by the SAO/NASA Astrophysics Data System}
}

@ARTICLE{2008MNRAS.388...89G,
   author = {{Gonz{\'a}lez-Solares}, E.~A. and {Walton}, N.~A. and {Greimel}, R. and 
	{Drew}, J.~E. and {Irwin}, M.~J. and {Sale}, S.~E. and {Andrews}, K. and 
	{Aungwerojwit}, A. and {Barlow}, M.~J. and {van den Besselaar}, E. and 
	{Corradi}, R.~L.~M. and {G{\"a}nsicke}, B.~T. and {Groot}, P.~J. and 
	{Hales}, A.~S. and {Hopewell}, E.~C. and {Hu}, H. and {Irwin}, J. and 
	{Knigge}, C. and {Lagadec}, E. and {Leisy}, P. and {Lewis}, J.~R. and 
	{Mampaso}, A. and {Matsuura}, M. and {Moont}, B. and {Morales-Rueda}, L. and 
	{Morris}, R.~A.~H. and {Naylor}, T. and {Parker}, Q.~A. and 
	{Prema}, P. and {Pyrzas}, S. and {Rixon}, G.~T. and {Rodr{\'{\i}}guez-Gil}, P. and 
	{Roelofs}, G. and {Sabin}, L. and {Skillen}, I. and {Suso}, J. and 
	{Tata}, R. and {Viironen}, K. and {Vink}, J.~S. and {Witham}, A. and 
	{Wright}, N.~J. and {Zijlstra}, A.~A. and {Zurita}, A. and {Drake}, J. and 
	{Fabregat}, J. and {Lennon}, D.~J. and {Lucas}, P.~W. and {Mart{\'{\i}}n}, E.~L. and 
	{Phillipps}, S. and {Steeghs}, D. and {Unruh}, Y.~C.},
    title = "{Initial data release from the INT Photometric H{$\alpha$} Survey of the Northern Galactic Plane (IPHAS)}",
  journal = {\mnras},
archivePrefix = "arXiv",
   eprint = {0712.0384},
 keywords = {catalogues , surveys , stars: emission line, Be , Galaxy: stellar content},
     year = 2008,
    month = jul,
   volume = 388,
    pages = {89-104},
      doi = {10.1111/j.1365-2966.2008.13399.x},
   adsurl = {http://adsabs.harvard.edu/abs/2008MNRAS.388...89G},
  adsnote = {Provided by the SAO/NASA Astrophysics Data System}
}

@ARTICLE{2008ATel.1603....1D,
   author = {{Drake}, J.~J. and {Page}, K. and {Osborne}, J. and {Beardmore}, A. and 
	{Ness}, J.-U. and {Starrfield}, S. and {Schwarz}, G. and {Tsujimoto}, M. and 
	{Barlow}, M. and {Wesson}, R. and {Bode}, M. and {Corradi}, R. and 
	{Rodriguez-Gil}, P. and {Drew}, J. and {Gaensicke}, B. and {Steeghs}, D. and 
	{Knigge}, C. and {Takai}, D. and {Zijlstra}, A.},
    title = "{Continuing X-ray Emission of Nova Vul 2007}",
  journal = {The Astronomer's Telegram},
 keywords = {Ultra-Violet, X-ray, Novae},
     year = 2008,
    month = jul,
   volume = 1603,
    pages = {1},
   adsurl = {http://adsabs.harvard.edu/abs/2008ATel.1603....1D},
  adsnote = {Provided by the SAO/NASA Astrophysics Data System}
}

@ARTICLE{2008ApJ...681..543S,
   author = {{Sion}, E.~M. and {G{\"a}nsicke}, B.~T. and {Long}, K.~S. and 
	{Szkody}, P. and {Knigge}, C. and {Hubeny}, I. and {de Martino}, D. and 
	{Godon}, P.},
    title = "{Hubble Space Telescope STIS Spectroscopy of Long-Period Dwarf Novae in Quiescence}",
  journal = {\apj},
archivePrefix = "arXiv",
   eprint = {0801.4703},
 keywords = {Accretion, Accretion Disks, Stars: Dwarf Novae, Stars: White Dwarfs},
     year = 2008,
    month = jul,
   volume = 681,
    pages = {543-553},
      doi = {10.1086/586699},
   adsurl = {http://adsabs.harvard.edu/abs/2008ApJ...681..543S},
  adsnote = {Provided by the SAO/NASA Astrophysics Data System}
}

@ARTICLE{2008Sci...320.1318K,
   author = {{K{\"o}rding}, E. and {Rupen}, M. and {Knigge}, C. and {Fender}, R. and 
	{Dhawan}, V. and {Templeton}, M. and {Muxlow}, T.},
    title = "{A Transient Radio Jet in an Erupting Dwarf Nova}",
  journal = {Science},
archivePrefix = "arXiv",
   eprint = {0806.1002},
     year = 2008,
    month = jun,
   volume = 320,
    pages = {1318-},
      doi = {10.1126/science.1155492},
   adsurl = {http://adsabs.harvard.edu/abs/2008Sci...320.1318K},
  adsnote = {Provided by the SAO/NASA Astrophysics Data System}
}

@ARTICLE{2008PASP..120..510P,
   author = {{Patterson}, J. and {Thorstensen}, J.~R. and {Knigge}, C.},
    title = "{SDSS 1507+52: A Halo Cataclysmic Variable?}",
  journal = {\pasp},
archivePrefix = "arXiv",
   eprint = {0803.3548},
 keywords = {Stars},
     year = 2008,
    month = may,
   volume = 120,
    pages = {510-522},
      doi = {10.1086/588615},
   adsurl = {http://adsabs.harvard.edu/abs/2008PASP..120..510P},
  adsnote = {Provided by the SAO/NASA Astrophysics Data System}
}

@ARTICLE{2008MNRAS.386.1426K,
   author = {{Knigge}, C. and {Scaringi}, S. and {Goad}, M.~R. and {Cottis}, C.~E.
	},
    title = "{The intrinsic fraction of broad-absorption line quasars}",
  journal = {\mnras},
archivePrefix = "arXiv",
   eprint = {0802.3697},
 keywords = {methods: statistical , catalogues , surveys , quasars: absorption lines},
     year = 2008,
    month = may,
   volume = 386,
    pages = {1426-1435},
      doi = {10.1111/j.1365-2966.2008.13081.x},
   adsurl = {http://adsabs.harvard.edu/abs/2008MNRAS.386.1426K},
  adsnote = {Provided by the SAO/NASA Astrophysics Data System}
}

@INPROCEEDINGS{2008IAUS..246..373S,
   author = {{Servillat}, M. and {Webb}, N.~A. and {Barret}, D. and {Cornelisse}, R. and 
	{Dieball}, A. and {Knigge}, C. and {Long}, K.~S. and {Shara}, M.~M. and 
	{Zurek}, D.~R.},
    title = "{XMM-Newton and Chandra Observations of Neutron Stars and Cataclysmic Variables in the Globular Cluster NGC 2808}",
 keywords = {globular clusters: individual (NGC 2808, M 22), stars: neutron, cataclysmic variables, binaries: close},
booktitle = {IAU Symposium},
     year = 2008,
   series = {IAU Symposium},
   volume = 246,
   editor = {{Vesperini}, E. and {Giersz}, M. and {Sills}, A.},
    month = may,
    pages = {373-374},
      doi = {10.1017/S1743921308016001},
   adsurl = {http://adsabs.harvard.edu/abs/2008IAUS..246..373S},
  adsnote = {Provided by the SAO/NASA Astrophysics Data System}
}

@INPROCEEDINGS{2008IAUS..246..361D,
   author = {{Dieball}, A. and {Knigge}, C. and {Zurek}, D.~R. and {Shara}, M.~M. and 
	{Long}, K.~S. and {Charles}, P.~A. and {Hannikainen}, D.},
    title = "{Unveiling the Core of M 15 in the Far-Ultraviolet}",
 keywords = {globular clusters: individual (M 15), stars: cataclysmic variables, white dwarfs, stars: variables: other, ultraviolet: stars, blue stragglers, binaries: close},
booktitle = {IAU Symposium},
     year = 2008,
   series = {IAU Symposium},
   volume = 246,
   editor = {{Vesperini}, E. and {Giersz}, M. and {Sills}, A.},
    month = may,
    pages = {361-362},
      doi = {10.1017/S1743921308015949},
   adsurl = {http://adsabs.harvard.edu/abs/2008IAUS..246..361D},
  adsnote = {Provided by the SAO/NASA Astrophysics Data System}
}

@INPROCEEDINGS{2008IAUS..246..331L,
   author = {{Leigh}, N. and {Sills}, A. and {Knigge}, C.},
    title = "{Where the Blue Stragglers Roam: Searching for a Link Between Formation and Environment}",
 keywords = {blue stragglers, globular clusters: general},
booktitle = {IAU Symposium},
     year = 2008,
   series = {IAU Symposium},
   volume = 246,
   editor = {{Vesperini}, E. and {Giersz}, M. and {Sills}, A.},
    month = may,
    pages = {331-335},
      doi = {10.1017/S1743921308015871},
   adsurl = {http://adsabs.harvard.edu/abs/2008IAUS..246..331L},
  adsnote = {Provided by the SAO/NASA Astrophysics Data System}
}

@INPROCEEDINGS{2008IAUS..246..321K,
   author = {{Knigge}, C. and {Dieball}, A. and {Ma{\'{\i}}z Apell{\'a}niz}, J. and 
	{Long}, K.~S. and {Zurek}, D.~R. and {Shara}, M.~M.},
    title = "{Stellar Exotica in 47 Tucanae}",
 keywords = {globular clusters: individual (47 Tuc), ultraviolet: stars, stars: novae, cataclysmic variables, stars: white dwarfs, stars: blue stragglers, stellar dynamics},
booktitle = {IAU Symposium},
     year = 2008,
   series = {IAU Symposium},
   volume = 246,
   editor = {{Vesperini}, E. and {Giersz}, M. and {Sills}, A.},
    month = may,
    pages = {321-325},
      doi = {10.1017/S1743921308015858},
   adsurl = {http://adsabs.harvard.edu/abs/2008IAUS..246..321K},
  adsnote = {Provided by the SAO/NASA Astrophysics Data System}
}

@ARTICLE{2008ApJ...678..564L,
   author = {{Leigh}, N. and {Sills}, A. and {Knigge}, C.},
    title = "{Erratum: ``Where the Blue Stragglers Roam: Searching for a Link between Formation and Environment'' (<A href=''/abs/2007ApJ...661..210L''>ApJ, 661, 210 [2007]</A>)}",
  journal = {\apj},
     year = 2008,
    month = may,
   volume = 678,
    pages = {564-566},
      doi = {10.1086/529584},
   adsurl = {http://adsabs.harvard.edu/abs/2008ApJ...678..564L},
  adsnote = {Provided by the SAO/NASA Astrophysics Data System}
}

@INPROCEEDINGS{2008AIPC.1010..263H,
   author = {{Hill}, A.~B. and {Bird}, A.~J. and {Dean}, A.~J. and {Knigge}, C. and 
	{McBride}, V.~A.},
    title = "{New and Unusual HMXB Activity Observed by INTEGRAL}",
 keywords = {X-ray binaries, Neutron stars, gamma-ray sources, gamma-ray bursts},
booktitle = {A Population Explosion: The Nature \& Evolution of X-ray Binaries in Diverse Environments},
     year = 2008,
   series = {American Institute of Physics Conference Series},
   volume = 1010,
   editor = {{Bandyopadhyay}, R.~M. and {Wachter}, S. and {Gelino}, D. and 
	{Gelino}, C.~R.},
    month = may,
    pages = {263-265},
      doi = {10.1063/1.2945054},
   adsurl = {http://adsabs.harvard.edu/abs/2008AIPC.1010..263H},
  adsnote = {Provided by the SAO/NASA Astrophysics Data System}
}

@ARTICLE{2008MNRAS.385.1485P,
   author = {{Pretorius}, M.~L. and {Knigge}, C.},
    title = "{An H{$\alpha$}-selected sample of cataclysmic variables - II. Implications for CV evolution}",
  journal = {\mnras},
archivePrefix = "arXiv",
   eprint = {0801.1070},
 keywords = {binaries: general , stars: dwarf novae , novae, cataclysmic variables},
     year = 2008,
    month = apr,
   volume = 385,
    pages = {1485-1493},
      doi = {10.1111/j.1365-2966.2008.12934.x},
   adsurl = {http://adsabs.harvard.edu/abs/2008MNRAS.385.1485P},
  adsnote = {Provided by the SAO/NASA Astrophysics Data System}
}

@ARTICLE{2008MNRAS.385.1471P,
   author = {{Pretorius}, M.~L. and {Knigge}, C.},
    title = "{An H{$\alpha$}-selected sample of cataclysmic variables - I. Observations of newly discovered systems}",
  journal = {\mnras},
archivePrefix = "arXiv",
   eprint = {0801.1065},
 keywords = {binaries: general , stars: dwarf novae , novae, cataclysmic variables},
     year = 2008,
    month = apr,
   volume = 385,
    pages = {1471-1484},
      doi = {10.1111/j.1365-2966.2008.12933.x},
   adsurl = {http://adsabs.harvard.edu/abs/2008MNRAS.385.1471P},
  adsnote = {Provided by the SAO/NASA Astrophysics Data System}
}

@MISC{2008sptz.prop50068H,
   author = {{Hoard}, D. and {Drew}, J. and {Knigge}, C. and {Long}, K.},
    title = "{Observing Novalike Cataclysmic Variables: Do the Nearest Hot Accretion Disks Have the Infrared Spectra We Expect?}",
howpublished = {Spitzer Proposal},
     year = 2008,
    month = mar,
    pages = {50068},
   adsurl = {http://adsabs.harvard.edu/abs/2008sptz.prop50068H},
  adsnote = {Provided by the SAO/NASA Astrophysics Data System}
}

@ARTICLE{2008MNRAS.384.1277W,
   author = {{Witham}, A.~R. and {Knigge}, C. and {Drew}, J.~E. and {Greimel}, R. and 
	{Steeghs}, D. and {G{\"a}nsicke}, B.~T. and {Groot}, P.~J. and 
	{Mampaso}, A.},
    title = "{The IPHAS catalogue of H{$\alpha$} emission-line sources in the northern Galactic plane}",
  journal = {\mnras},
archivePrefix = "arXiv",
   eprint = {0712.0988},
 keywords = {catalogues , surveys , stars: emission-line, Be , Galaxy: stellar content},
     year = 2008,
    month = mar,
   volume = 384,
    pages = {1277-1288},
      doi = {10.1111/j.1365-2966.2007.12774.x},
   adsurl = {http://adsabs.harvard.edu/abs/2008MNRAS.384.1277W},
  adsnote = {Provided by the SAO/NASA Astrophysics Data System}
}

@ARTICLE{2007MNRAS.382.1982K,
   author = {{Knigge}, C.},
    title = "{Erratum: The donor stars of cataclysmic variables}",
  journal = {\mnras},
 keywords = {errata, addenda, accretion, accretion discs, stars: distances, stars: fundamental parameters, novae, cataclysmic variables},
     year = 2007,
    month = dec,
   volume = 382,
    pages = {1982-1984},
      doi = {10.1111/j.1365-2966.2007.12206.x},
   adsurl = {http://adsabs.harvard.edu/abs/2007MNRAS.382.1982K},
  adsnote = {Provided by the SAO/NASA Astrophysics Data System}
}

@ARTICLE{2007MNRAS.382.1279P,
   author = {{Pretorius}, M.~L. and {Knigge}, C. and {O'Donoghue}, D. and 
	{Henry}, J.~P. and {Gioia}, I.~M. and {Mullis}, C.~R.},
    title = "{The space density of cataclysmic variables: constraints from the ROSAT North Ecliptic Pole survey}",
  journal = {\mnras},
archivePrefix = "arXiv",
   eprint = {0709.1887},
 keywords = {binaries: close, stars: dwarf novae, novae, cataclysmic variables},
     year = 2007,
    month = dec,
   volume = 382,
    pages = {1279-1288},
      doi = {10.1111/j.1365-2966.2007.12461.x},
   adsurl = {http://adsabs.harvard.edu/abs/2007MNRAS.382.1279P},
  adsnote = {Provided by the SAO/NASA Astrophysics Data System}
}

@ARTICLE{2007MNRAS.382.1158W,
   author = {{Witham}, A.~R. and {Knigge}, C. and {Aungwerojwit}, A. and 
	{Drew}, J.~E. and {G{\"a}nsicke}, B.~T. and {Greimel}, R. and 
	{Groot}, P.~J. and {Roelofs}, G.~H.~A. and {Steeghs}, D. and 
	{Woudt}, P.~A.},
    title = "{Newly discovered cataclysmic variables from the INT/WFC photometric H{$\alpha$} survey of the northern Galactic plane}",
  journal = {\mnras},
archivePrefix = "arXiv",
   eprint = {0710.5163},
 keywords = {surveys, binaries: close, novae, cataclysmic variables},
     year = 2007,
    month = dec,
   volume = 382,
    pages = {1158-1168},
      doi = {10.1111/j.1365-2966.2007.12426.x},
   adsurl = {http://adsabs.harvard.edu/abs/2007MNRAS.382.1158W},
  adsnote = {Provided by the SAO/NASA Astrophysics Data System}
}

@INPROCEEDINGS{2007AAS...211.5806Z,
   author = {{Zurek}, D. and {Dieball}, A. and {Knigge}, C. and {Shara}, M. and 
	{Long}, K. and {Ma{\'{\i}}z Apell{\'a}niz}, J.},
    title = "{NGC 1851: Understanding the Ultraviolet Populations}",
booktitle = {American Astronomical Society Meeting Abstracts},
     year = 2007,
   series = {Bulletin of the American Astronomical Society},
   volume = 39,
    month = dec,
    pages = {834},
   adsurl = {http://adsabs.harvard.edu/abs/2007AAS...211.5806Z},
  adsnote = {Provided by the SAO/NASA Astrophysics Data System}
}

@INPROCEEDINGS{2007AAS...211.5102W,
   author = {{Welsh}, W.~F. and {Sion}, E.~M. and {Godon}, P. and {Gansicke}, B. and 
	{Knigge}, C. and {Long}, K.~S. and {Szkody}, P.},
    title = "{The Evolution Of The Oscillations In WZ Sge: Outburst Into Quiescence}",
booktitle = {American Astronomical Society Meeting Abstracts},
     year = 2007,
   series = {Bulletin of the American Astronomical Society},
   volume = 39,
    month = dec,
    pages = {815},
   adsurl = {http://adsabs.harvard.edu/abs/2007AAS...211.5102W},
  adsnote = {Provided by the SAO/NASA Astrophysics Data System}
}

@ARTICLE{2007yCat..83841277W,
   author = {{Witham}, A.~R. and {Knigge}, C. and {Drew}, J.~E. and {Greimel}, R. and 
	{Steeghs}, D. and {Gansicke}, B.~T. and {Groot}, P.~J. and {Mampaso}, A.
	},
    title = "{VizieR Online Data Catalog: H{$\alpha$} emission line sources from IPHAS (Witham+, 2008)}",
  journal = {VizieR Online Data Catalog},
 keywords = {Stars: emission, Galactic plane, Photometry: CCD, Photometry: H-alpha},
     year = 2007,
    month = nov,
   volume = 838,
    pages = {41277},
   adsurl = {http://adsabs.harvard.edu/abs/2007yCat..83841277W},
  adsnote = {Provided by the SAO/NASA Astrophysics Data System}
}

@ARTICLE{2007ApJ...670..379D,
   author = {{Dieball}, A. and {Knigge}, C. and {Zurek}, D.~R. and {Shara}, M.~M. and 
	{Long}, K.~S. and {Charles}, P.~A. and {Hannikainen}, D.},
    title = "{Unveiling the Core of the Globular Cluster M15 in the Ultraviolet}",
  journal = {\apj},
archivePrefix = "arXiv",
   eprint = {0709.0114},
 keywords = {Stars: Binaries: Close, Galaxy: Globular Clusters: Individual: Messier Number: M15, Ultraviolet: Stars},
     year = 2007,
    month = nov,
   volume = 670,
    pages = {379-399},
      doi = {10.1086/522103},
   adsurl = {http://adsabs.harvard.edu/abs/2007ApJ...670..379D},
  adsnote = {Provided by the SAO/NASA Astrophysics Data System}
}

@MISC{2007atnf.prop.1021K,
   author = {{Koerding}, E. and {Tzioumis}, A. and {Fender}, R. and {Knigge}, C. and 
	{Rupen}, M. and {Dhawan}, V.},
    title = "{Search for radio emission of nova-like cataclysmic variables}",
 keywords = {Stellar, Galactic, ATCA},
howpublished = {ATNF Proposal},
     year = 2007,
    month = oct,
    pages = {1021},
   adsurl = {http://adsabs.harvard.edu/abs/2007atnf.prop.1021K},
  adsnote = {Provided by the SAO/NASA Astrophysics Data System}
}

@ARTICLE{2007ATel.1246....1D,
   author = {{Drake}, J.~J. and {Page}, K. and {Osborne}, J. and {Bode}, M. and 
	{Corradi}, R. and {Rodriguez-Gil}, P. and {Drew}, J. and {Gaensicke}, B. and 
	{Steeghs}, D. and {Knigge}, C. and {Sokoloski}, J.},
    title = "{X-ray Detection of the Supersoft Source Phase of Nova Vul 2007}",
  journal = {The Astronomer's Telegram},
 keywords = {X-ray, Novae},
     year = 2007,
    month = oct,
   volume = 1246,
    pages = {1},
   adsurl = {http://adsabs.harvard.edu/abs/2007ATel.1246....1D},
  adsnote = {Provided by the SAO/NASA Astrophysics Data System}
}

@ARTICLE{2007A&G....48e..12M,
   author = {{Maccarone}, T. and {Knigge}, C.},
    title = "{Compact objects in globular clusters}",
  journal = {Astronomy and Geophysics},
archivePrefix = "arXiv",
   eprint = {0709.3732},
     year = 2007,
    month = oct,
   volume = 48,
   number = 5,
    pages = {12-5},
      doi = {10.1111/j.1468-4004.2007.48512.x},
   adsurl = {http://adsabs.harvard.edu/abs/2007A%26G....48e..12M},
  adsnote = {Provided by the SAO/NASA Astrophysics Data System}
}

@ARTICLE{2007MNRAS.380..301K,
   author = {{K{\"o}rding}, E.~G. and {Migliari}, S. and {Fender}, R. and 
	{Belloni}, T. and {Knigge}, C. and {McHardy}, I.},
    title = "{The variability plane of accreting compact objects}",
  journal = {\mnras},
archivePrefix = "arXiv",
   eprint = {0706.2959},
 keywords = {accretion, accretion discs, black hole physics, galaxies: active, X-rays: binaries},
     year = 2007,
    month = sep,
   volume = 380,
    pages = {301-310},
      doi = {10.1111/j.1365-2966.2007.12067.x},
   adsurl = {http://adsabs.harvard.edu/abs/2007MNRAS.380..301K},
  adsnote = {Provided by the SAO/NASA Astrophysics Data System}
}

@INPROCEEDINGS{2007ASPC..372..505L,
   author = {{Long}, K.~S. and {Froning}, C.~S. and {G{\"a}nsicke}, B.~T. and 
	{Knigge}, C.},
    title = "{An Intensive Study of the Dwarf Nova System VW Hydri}",
booktitle = {15th European Workshop on White Dwarfs},
     year = 2007,
   series = {Astronomical Society of the Pacific Conference Series},
   volume = 372,
   editor = {{Napiwotzki}, R. and {Burleigh}, M.~R.},
    month = sep,
    pages = {505},
   adsurl = {http://adsabs.harvard.edu/abs/2007ASPC..372..505L},
  adsnote = {Provided by the SAO/NASA Astrophysics Data System}
}

@ARTICLE{2007ApJ...667..442S,
   author = {{Steeghs}, D. and {Howell}, S.~B. and {Knigge}, C. and {G{\"a}nsicke}, B.~T. and 
	{Sion}, E.~M. and {Welsh}, W.~F.},
    title = "{Dynamical Constraints on the Component Masses of the Cataclysmic Variable WZ Sagittae}",
  journal = {\apj},
archivePrefix = "arXiv",
   eprint = {0706.0987},
 keywords = {Stars: Binaries: General, Stars: Novae, Cataclysmic Variables, stars: individual (WZ Sge), Stars: White Dwarfs},
     year = 2007,
    month = sep,
   volume = 667,
    pages = {442-447},
      doi = {10.1086/520702},
   adsurl = {http://adsabs.harvard.edu/abs/2007ApJ...667..442S},
  adsnote = {Provided by the SAO/NASA Astrophysics Data System}
}

@INPROCEEDINGS{2007AIPC..928....3K,
   author = {{Kinney}, W.~H.},
    title = "{Inflation after WMAP3}",
 keywords = {Particle-theory and field-theory models of the early Universe},
booktitle = {Collicers to Cosmic Rays},
     year = 2007,
   series = {American Institute of Physics Conference Series},
   volume = 928,
   eprint = {astro-ph/0610648},
   editor = {{Tripathi}, M. and {Breedon}, R.~E.},
    month = aug,
    pages = {3-10},
      doi = {10.1063/1.2775890},
   adsurl = {http://adsabs.harvard.edu/abs/2007AIPC..928....3K},
  adsnote = {Provided by the SAO/NASA Astrophysics Data System}
}

@INPROCEEDINGS{2007AIPC..924..546P,
   author = {{Pretorius}, M.~L. and {Knigge}, C. and {Kolb}, U.},
    title = "{Understanding selection effects in observed samples of cataclysmic variables}",
 keywords = {Cataclysmic binaries, symbiotic stars, Novae dwarf novae recurrent novae and other cataclysmic  variables},
booktitle = {The Multicolored Landscape of Compact Objects and Their Explosive Origins},
     year = 2007,
   series = {American Institute of Physics Conference Series},
   volume = 924,
   editor = {{di Salvo}, T. and {Israel}, G.~L. and {Piersant}, L. and {Burderi}, L. and 
	{Matt}, G. and {Tornambe}, A. and {Menna}, M.~T.},
    month = aug,
    pages = {546-554},
      doi = {10.1063/1.2774909},
   adsurl = {http://adsabs.harvard.edu/abs/2007AIPC..924..546P},
  adsnote = {Provided by the SAO/NASA Astrophysics Data System}
}

@ARTICLE{2007ApJ...661..210L,
   author = {{Leigh}, N. and {Sills}, A. and {Knigge}, C.},
    title = "{Where the Blue Stragglers Roam: Searching for a Link between Formation and Environment}",
  journal = {\apj},
   eprint = {astro-ph/0702349},
 keywords = {Stars: Blue Stragglers, Galaxy: Globular Clusters: General},
     year = 2007,
    month = may,
   volume = 661,
    pages = {210-221},
      doi = {10.1086/514330},
   adsurl = {http://adsabs.harvard.edu/abs/2007ApJ...661..210L},
  adsnote = {Provided by the SAO/NASA Astrophysics Data System}
}

@INPROCEEDINGS{2007AAS...20925413R,
   author = {{Ruberg}, A. and {Richer}, H. and {Brewer}, J. and {Davis}, S. and 
	{Hickson}, P. and {Knigge}, C. and {Dieball}, A. and {Hurley}, J. and 
	{Shara}, M. and {Hansen}, B. and {Gebhardt}, K. and {Fahlman}, G.
	},
    title = "{AO Infrared Imaging of M71 Core}",
booktitle = {American Astronomical Society Meeting Abstracts \#209},
     year = 2007,
   series = {Bulletin of the American Astronomical Society},
   volume = 39,
    month = may,
    pages = {#254.13},
   adsurl = {http://adsabs.harvard.edu/abs/2007AAS...20925413R},
  adsnote = {Provided by the SAO/NASA Astrophysics Data System}
}

@INPROCEEDINGS{2007IAUS..238..219C,
   author = {{Charles}, P.~A. and {Barnes}, A.~D. and {Casares}, J. and {Clark}, J.~S. and 
	{Cornelisse}, R. and {Knigge}, C. and {Steeghs}, D.},
    title = "{SS433 and the nature of ultra-luminous X-ray sources}",
booktitle = {IAU Symposium},
     year = 2007,
   series = {IAU Symposium},
   volume = 238,
   editor = {{Karas}, V. and {Matt}, G.},
    month = apr,
    pages = {219-224},
      doi = {10.1017/S1743921307005005},
   adsurl = {http://adsabs.harvard.edu/abs/2007IAUS..238..219C},
  adsnote = {Provided by the SAO/NASA Astrophysics Data System}
}

@ARTICLE{2007MNRAS.374.1495P,
   author = {{Pretorius}, M.~L. and {Knigge}, C. and {Kolb}, U.},
    title = "{The influence of selection effects on the observed cataclysmic variable population: modelling and application to the Palomar-Green sample}",
  journal = {\mnras},
   eprint = {astro-ph/0610278},
 keywords = {binaries: close, stars: dwarf novae, novae, cataclysmic variables},
     year = 2007,
    month = feb,
   volume = 374,
    pages = {1495-1505},
      doi = {10.1111/j.1365-2966.2006.11258.x},
   adsurl = {http://adsabs.harvard.edu/abs/2007MNRAS.374.1495P},
  adsnote = {Provided by the SAO/NASA Astrophysics Data System}
}

@ARTICLE{2007A&A...461.1103P,
   author = {{Pretorius}, M.~L. and {Knigge}, C.},
    title = "{Discovery of a new cataclysmic variable through optical variability and X-ray emission}",
  journal = {\aap},
   eprint = {astro-ph/0610527},
 keywords = {stars: dwarf novae, stars: novae, cataclysmic variables, stars: variables: general},
     year = 2007,
    month = jan,
   volume = 461,
    pages = {1103-1106},
      doi = {10.1051/0004-6361:20066418},
   adsurl = {http://adsabs.harvard.edu/abs/2007A%26A...461.1103P},
  adsnote = {Provided by the SAO/NASA Astrophysics Data System}
}

@ARTICLE{2006Natur.444..730M,
   author = {{McHardy}, I.~M. and {Koerding}, E. and {Knigge}, C. and {Uttley}, P. and 
	{Fender}, R.~P.},
    title = "{Active galactic nuclei as scaled-up Galactic black holes}",
  journal = {\nat},
   eprint = {astro-ph/0612273},
     year = 2006,
    month = dec,
   volume = 444,
    pages = {730-732},
      doi = {10.1038/nature05389},
   adsurl = {http://adsabs.harvard.edu/abs/2006Natur.444..730M},
  adsnote = {Provided by the SAO/NASA Astrophysics Data System}
}

@ARTICLE{2006MNRAS.373..484K,
   author = {{Knigge}, C.},
    title = "{The donor stars of cataclysmic variables}",
  journal = {\mnras},
   eprint = {astro-ph/0609671},
 keywords = {accretion, accretion disks, stars: distances, stars: fundamental parameters, novae, cataclysmic variables},
     year = 2006,
    month = dec,
   volume = 373,
    pages = {484-502},
      doi = {10.1111/j.1365-2966.2006.11096.x},
   adsurl = {http://adsabs.harvard.edu/abs/2006MNRAS.373..484K},
  adsnote = {Provided by the SAO/NASA Astrophysics Data System}
}

@ARTICLE{2006Ap&SS.306..177G,
   author = {{G{\"a}nsicke}, B.~T. and {de Martino}, D. and {Marsh}, T.~R. and 
	{Haswell}, C.~A. and {Knigge}, C. and {Long}, K.~S. and {Shore}, S.~N.
	},
    title = "{Ultraviolet Studies of Interacting Binaries}",
  journal = {\apss},
   eprint = {astro-ph/0510095},
     year = 2006,
    month = dec,
   volume = 306,
    pages = {177-177},
      doi = {10.1007/s10509-006-9264-z},
   adsurl = {http://adsabs.harvard.edu/abs/2006Ap%26SS.306..177G},
  adsnote = {Provided by the SAO/NASA Astrophysics Data System}
}

@INPROCEEDINGS{2006AAS...209.2608C,
   author = {{Connelly}, J.~L. and {Zurek}, D.~R. and {Shara}, M.~M. and 
	{Knigge}, C. and {Dieball}, A. and {Long}, K.~S.},
    title = "{The Deepest UV Observations of a Globular Cluster: Preliminary Results for NGC 6681}",
booktitle = {American Astronomical Society Meeting Abstracts},
     year = 2006,
   series = {Bulletin of the American Astronomical Society},
   volume = 38,
    month = dec,
    pages = {937},
   adsurl = {http://adsabs.harvard.edu/abs/2006AAS...209.2608C},
  adsnote = {Provided by the SAO/NASA Astrophysics Data System}
}

@ARTICLE{2006MNRAS.372..224B,
   author = {{Barlow}, E.~J. and {Knigge}, C. and {Bird}, A.~J. and {J Dean}, A. and 
	{Clark}, D.~J. and {Hill}, A.~B. and {Molina}, M. and {Sguera}, V.
	},
    title = "{20-100 keV properties of cataclysmic variables detected in the INTEGRAL/IBIS survey}",
  journal = {\mnras},
   eprint = {astro-ph/0607473},
 keywords = {surveys: novae cataclysmic variables: gamma-rays: observations: X-rays: binaries, surveys, novae cataclysmic variables, gamma-rays: observations, X-rays: binaries},
     year = 2006,
    month = oct,
   volume = 372,
    pages = {224-232},
      doi = {10.1111/j.1365-2966.2006.10836.x},
   adsurl = {http://adsabs.harvard.edu/abs/2006MNRAS.372..224B},
  adsnote = {Provided by the SAO/NASA Astrophysics Data System}
}

@INPROCEEDINGS{2006IAUJD..14E..29K,
   author = {{Knigge}, C.},
    title = "{Observational and Theoretical Constraints on the Formation and Evolution of Cataclysmic Variables in Globular Clusters}",
booktitle = {IAU Joint Discussion},
     year = 2006,
   series = {IAU Joint Discussion},
   volume = 14,
    month = aug,
    pages = {29},
   adsurl = {http://adsabs.harvard.edu/abs/2006IAUJD..14E..29K},
  adsnote = {Provided by the SAO/NASA Astrophysics Data System}
}

@INPROCEEDINGS{2006IAUJD..14E..17D,
   author = {{Dieball}, A. and {Knigge}, C. and {Zurek}, D. and {Shara}, M. and 
	{Long}, K.~S. and {Charles}, P. and {Hannikainen}, D. and {van Zyl}, L.
	},
    title = "{Unveiling the Core Of M15 In The Far-Ultraviolet}",
booktitle = {IAU Joint Discussion},
     year = 2006,
   series = {IAU Joint Discussion},
   volume = 14,
    month = aug,
    pages = {17},
   adsurl = {http://adsabs.harvard.edu/abs/2006IAUJD..14E..17D},
  adsnote = {Provided by the SAO/NASA Astrophysics Data System}
}

@INPROCEEDINGS{2006IAUJD..13E..54G,
   author = {{Groot}, P.~J. and {Drew}, J. and {Greimel}, R. and {Gaensicke}, B. and 
	{Knigge}, C. and {Irwin}, M. and {Mampaso}, A. and {Augusteijn}, T. and 
	{Morales-Rueda}, L. and {Barlow}, M. and {Iphas Collaboration} and 
	{Uvex Collaboration} and {Vphas+ Collaboration}},
    title = "{The European Galactic Plane Surveys: EGAPS}",
booktitle = {IAU Joint Discussion},
     year = 2006,
   series = {IAU Joint Discussion},
   volume = 13,
    month = aug,
    pages = {54},
   adsurl = {http://adsabs.harvard.edu/abs/2006IAUJD..13E..54G},
  adsnote = {Provided by the SAO/NASA Astrophysics Data System}
}

@ARTICLE{2006MNRAS.369..581W,
   author = {{Witham}, A.~R. and {Knigge}, C. and {G{\"a}nsicke}, B.~T. and 
	{Aungwerojwit}, A. and {Corradi}, R.~L.~M. and {Drew}, J.~E. and 
	{Greimel}, R. and {Groot}, P.~J. and {Morales-Rueda}, L. and 
	{Rodriguez-Flores}, E.~R. and {Rodriguez-Gil}, P. and {Steeghs}, D.
	},
    title = "{The properties of cataclysmic variables in photometric H{$\alpha$} surveys}",
  journal = {\mnras},
   eprint = {astro-ph/0605291},
 keywords = {surveys: binaries: close: novae, cataclysmic variables, surveys, binaries: close, novae},
     year = 2006,
    month = jun,
   volume = 369,
    pages = {581-597},
      doi = {10.1111/j.1365-2966.2006.10395.x},
   adsurl = {http://adsabs.harvard.edu/abs/2006MNRAS.369..581W},
  adsnote = {Provided by the SAO/NASA Astrophysics Data System}
}

@ARTICLE{2006Ap&SS.303...53G,
   author = {{G{\"a}ansicke}, B.~T. and {de Martino}, D. and {Marsh}, T.~R. and 
	{Haswell}, C.~A. and {Knigge}, C. and {Long}, K.~S. and {Shore}, S.~N.
	},
    title = "{Ultraviolet Studies Of Interacting Binaries}",
  journal = {\apss},
 keywords = {close binaries, cataclysmic variables, symbiotic stars, X-ray binaries, evolution, accretion discs, winds, magnetism},
     year = 2006,
    month = jun,
   volume = 303,
    pages = {53-68},
      doi = {10.1007/s10509-005-9016-5},
   adsurl = {http://adsabs.harvard.edu/abs/2006Ap%26SS.303...53G},
  adsnote = {Provided by the SAO/NASA Astrophysics Data System}
}

@ARTICLE{2006ATel..795....1S,
   author = {{Steeghs}, D. and {Greimel}, R. and {Drew}, J. and {Irwin}, M. and 
	{Gaensicke}, B. and {Groot}, P. and {Knigge}, C. and {IPHAS Collaboration}
	},
    title = "{The progenitor of Nova Cygni 2006 (=V2362 Cyg)}",
  journal = {The Astronomer's Telegram},
 keywords = {Optical, Binaries, Cataclysmic Variables, Novae, Transients},
     year = 2006,
    month = apr,
   volume = 795,
    pages = {1},
   adsurl = {http://adsabs.harvard.edu/abs/2006ATel..795....1S},
  adsnote = {Provided by the SAO/NASA Astrophysics Data System}
}

@ARTICLE{2006ApJ...641..281K,
   author = {{Knigge}, C. and {Gilliland}, R.~L. and {Dieball}, A. and {Zurek}, D.~R. and 
	{Shara}, M.~M. and {Long}, K.~S.},
    title = "{A Blue Straggler Binary with Three Progenitors in the Core of a Globular Cluster?}",
  journal = {\apj},
   eprint = {astro-ph/0511645},
 keywords = {Stars: Blue Stragglers, Galaxy: Globular Clusters: Individual: Name: 47 Tucanae},
     year = 2006,
    month = apr,
   volume = 641,
    pages = {281-287},
      doi = {10.1086/500311},
   adsurl = {http://adsabs.harvard.edu/abs/2006ApJ...641..281K},
  adsnote = {Provided by the SAO/NASA Astrophysics Data System}
}

@ARTICLE{2006MNRAS.365.1057N,
   author = {{North}, M. and {Knigge}, C. and {Goad}, M.},
    title = "{A new sample of broad absorption-line quasars exhibiting the ghost of Lyman {$\alpha$}}",
  journal = {\mnras},
   eprint = {astro-ph/0511133},
 keywords = {stars: winds, outflows, galaxies: active, quasars: absorption lines, quasars: general},
     year = 2006,
    month = feb,
   volume = 365,
    pages = {1057-1066},
      doi = {10.1111/j.1365-2966.2005.09828.x},
   adsurl = {http://adsabs.harvard.edu/abs/2006MNRAS.365.1057N},
  adsnote = {Provided by the SAO/NASA Astrophysics Data System}
}

@ARTICLE{2006MNRAS.365..296B,
   author = {{Barnes}, A.~D. and {Casares}, J. and {Charles}, P.~A. and {Clark}, J.~S. and 
	{Cornelisse}, R. and {Knigge}, C. and {Steeghs}, D.},
    title = "{On the origin of the absorption features in SS433}",
  journal = {\mnras},
   eprint = {astro-ph/0510448},
 keywords = {binaries: close, binaries: spectroscopic, stars: individual: SS433, stars: winds, outflows},
     year = 2006,
    month = jan,
   volume = 365,
    pages = {296-302},
      doi = {10.1111/j.1365-2966.2005.09725.x},
   adsurl = {http://adsabs.harvard.edu/abs/2006MNRAS.365..296B},
  adsnote = {Provided by the SAO/NASA Astrophysics Data System}
}

@ARTICLE{2006MNRAS.365..287B,
   author = {{Brinkworth}, C.~S. and {Marsh}, T.~R. and {Dhillon}, V.~S. and 
	{Knigge}, C.},
    title = "{Detection of a period decrease in NN Ser with ULTRACAM: evidence for strong magnetic braking or an unseen companion}",
  journal = {\mnras},
   eprint = {astro-ph/0510331},
 keywords = {binaries: eclipsing, stars: evolution, stars: fundamental parameters, stars: individual: NN Ser, planetary systems},
     year = 2006,
    month = jan,
   volume = 365,
    pages = {287-295},
      doi = {10.1111/j.1365-2966.2005.09718.x},
   adsurl = {http://adsabs.harvard.edu/abs/2006MNRAS.365..287B},
  adsnote = {Provided by the SAO/NASA Astrophysics Data System}
}

@ARTICLE{2005MNRAS.363..857H,
   author = {{Hopewell}, E.~C. and {Barlow}, M.~J. and {Drew}, J.~E. and 
	{Unruh}, Y.~C. and {Parker}, Q.~A. and {Pierce}, M.~J. and {Crowther}, P.~A. and 
	{Knigge}, C. and {Phillipps}, S. and {Zijlstra}, A.~A.},
    title = "{Five WC9 stars discovered in the AAO/UKST H{$\alpha$} survey}",
  journal = {\mnras},
   eprint = {astro-ph/0508187},
 keywords = {surveys, circumstellar matter, stars: Wolf-Rayet, Galaxy: stellar content},
     year = 2005,
    month = nov,
   volume = 363,
    pages = {857-866},
      doi = {10.1111/j.1365-2966.2005.09487.x},
   adsurl = {http://adsabs.harvard.edu/abs/2005MNRAS.363..857H},
  adsnote = {Provided by the SAO/NASA Astrophysics Data System}
}

@ARTICLE{2005ApJ...634L.105D,
   author = {{Dieball}, A. and {Knigge}, C. and {Zurek}, D.~R. and {Shara}, M.~M. and 
	{Long}, K.~S. and {Charles}, P.~A. and {Hannikainen}, D.~C. and 
	{van Zyl}, L.},
    title = "{An Ultracompact X-Ray Binary in the Globular Cluster M15 (NGC 7078)}",
  journal = {\apjl},
   eprint = {astro-ph/0510430},
 keywords = {Stars: Binaries: Close, Galaxy: Globular Clusters: Individual: Messier Number: M15, stars: individual (M15 X-2), Ultraviolet: Stars},
     year = 2005,
    month = nov,
   volume = 634,
    pages = {L105-L108},
      doi = {10.1086/498712},
   adsurl = {http://adsabs.harvard.edu/abs/2005ApJ...634L.105D},
  adsnote = {Provided by the SAO/NASA Astrophysics Data System}
}

@ARTICLE{2005AJ....130.1829S,
   author = {{Shara}, M.~M. and {Hinkley}, S. and {Zurek}, D.~R. and {Knigge}, C. and 
	{Dieball}, A.},
    title = "{Erupting Cataclysmic Variable Stars in the Nearest Globular Cluster, NGC 6397: Intermediate Polars?}",
  journal = {\aj},
   eprint = {astro-ph/0506709},
 keywords = {Stars: Dwarf Novae, Stars: Novae, Cataclysmic Variables},
     year = 2005,
    month = oct,
   volume = 130,
    pages = {1829-1833},
      doi = {10.1086/444419},
   adsurl = {http://adsabs.harvard.edu/abs/2005AJ....130.1829S},
  adsnote = {Provided by the SAO/NASA Astrophysics Data System}
}

@INPROCEEDINGS{2005AIPC..797..643W,
   author = {{Witham}, A. and {Knigge}, C. and {Drew}, J. and {Groot}, P. and 
	{Greimel}, R. and {Parker}, Q.},
    title = "{Discovering Interacting Binaries with H{$\alpha$} Surveys}",
 keywords = {cataclysmic binary stars, variable stars, planetary nebulae, photography, Cataclysmic binaries, symbiotic stars, Emission-line stars, Photography and photometry},
booktitle = {Interacting Binaries: Accretion, Evolution, and Outcomes},
     year = 2005,
   series = {American Institute of Physics Conference Series},
   volume = 797,
   eprint = {astro-ph/0412079},
   editor = {{Burderi}, L. and {Antonelli}, L.~A. and {D'Antona}, F. and 
	{di Salvo}, T. and {Israel}, G.~L. and {Piersanti}, L. and {Tornamb{\`e}}, A. and 
	{Straniero}, O.},
    month = oct,
    pages = {643-646},
      doi = {10.1063/1.2130305},
   adsurl = {http://adsabs.harvard.edu/abs/2005AIPC..797..643W},
  adsnote = {Provided by the SAO/NASA Astrophysics Data System}
}

@INPROCEEDINGS{2005AIPC..797..533B,
   author = {{Barnes}, A.~D. and {Charles}, P.~A. and {Clark}, J.~S. and 
	{Cornelisse}, R. and {Knigge}, C.},
    title = "{Phase Resolved Blue Spectroscopy of SS433}",
 keywords = {X-ray binary stars, spectroscopy, X-ray binaries, Spectroscopy and spectrophotometry, X-ray},
booktitle = {Interacting Binaries: Accretion, Evolution, and Outcomes},
     year = 2005,
   series = {American Institute of Physics Conference Series},
   volume = 797,
   editor = {{Burderi}, L. and {Antonelli}, L.~A. and {D'Antona}, F. and 
	{di Salvo}, T. and {Israel}, G.~L. and {Piersanti}, L. and {Tornamb{\`e}}, A. and 
	{Straniero}, O.},
    month = oct,
    pages = {533-536},
      doi = {10.1063/1.2130278},
   adsurl = {http://adsabs.harvard.edu/abs/2005AIPC..797..533B},
  adsnote = {Provided by the SAO/NASA Astrophysics Data System}
}

@ARTICLE{2005MNRAS.362..753D,
   author = {{Drew}, J.~E. and {Greimel}, R. and {Irwin}, M.~J. and {Aungwerojwit}, A. and 
	{Barlow}, M.~J. and {Corradi}, R.~L.~M. and {Drake}, J.~J. and 
	{G{\"a}nsicke}, B.~T. and {Groot}, P. and {Hales}, A. and {Hopewell}, E.~C. and 
	{Irwin}, J. and {Knigge}, C. and {Leisy}, P. and {Lennon}, D.~J. and 
	{Mampaso}, A. and {Masheder}, M.~R.~W. and {Matsuura}, M. and 
	{Morales-Rueda}, L. and {Morris}, R.~A.~H. and {Parker}, Q.~A. and 
	{Phillipps}, S. and {Rodriguez-Gil}, P. and {Roelofs}, G. and 
	{Skillen}, I. and {Sokoloski}, J.~L. and {Steeghs}, D. and {Unruh}, Y.~C. and 
	{Viironen}, K. and {Vink}, J.~S. and {Walton}, N.~A. and {Witham}, A. and 
	{Wright}, N. and {Zijlstra}, A.~A. and {Zurita}, A.},
    title = "{The INT Photometric H{$\alpha$} Survey of the Northern Galactic Plane (IPHAS)}",
  journal = {\mnras},
   eprint = {astro-ph/0506726},
 keywords = {surveys, stars: emission-line, Be, stars: general, Galaxy: disc, Galaxy: stellar content},
     year = 2005,
    month = sep,
   volume = 362,
    pages = {753-776},
      doi = {10.1111/j.1365-2966.2005.09330.x},
   adsurl = {http://adsabs.harvard.edu/abs/2005MNRAS.362..753D},
  adsnote = {Provided by the SAO/NASA Astrophysics Data System}
}

@ARTICLE{2005ApJ...630..511L,
   author = {{Long}, K.~S. and {Froning}, C.~S. and {Knigge}, C. and {Blair}, W.~P. and 
	{Kallman}, T.~R. and {Ko}, Y.-K.},
    title = "{Far-Ultraviolet Spectroscopy of the Dwarf Novae SS Cygni and WX Hydri in Quiescence}",
  journal = {\apj},
   eprint = {astro-ph/0505387},
 keywords = {Accretion, Accretion Disks, Stars: Binaries: Close, Stars: Novae, Cataclysmic Variables, Stars: Individual: Constellation Name: SS Cygni, Stars: Individual: Constellation Name: WX Hydri, Ultraviolet: Stars},
     year = 2005,
    month = sep,
   volume = 630,
    pages = {511-527},
      doi = {10.1086/432088},
   adsurl = {http://adsabs.harvard.edu/abs/2005ApJ...630..511L},
  adsnote = {Provided by the SAO/NASA Astrophysics Data System}
}

@ARTICLE{2005A&A...439..255H,
   author = {{Hill}, A.~B. and {Walter}, R. and {Knigge}, C. and {Bazzano}, A. and 
	{B{\'e}langer}, G. and {Bird}, A.~J. and {Dean}, A.~J. and {Galache}, J.~L. and 
	{Malizia}, A. and {Renaud}, M. and {Stephen}, J. and {Ubertini}, P.
	},
    title = "{The 1-50 keV spectral and timing analysis of IGR J18027-2016: an eclipsing, high mass X-ray binary}",
  journal = {\aap},
   eprint = {astro-ph/0505078},
 keywords = {X-rays: individual: IGR J18027-2016, X-rays: individual: SAX J1802.7-2017, X-rays: binaries, pulsars: general, gamma-rays: observations},
     year = 2005,
    month = aug,
   volume = 439,
    pages = {255-263},
      doi = {10.1051/0004-6361:20052937},
   adsurl = {http://adsabs.harvard.edu/abs/2005A%26A...439..255H},
  adsnote = {Provided by the SAO/NASA Astrophysics Data System}
}

@ARTICLE{2005ApJ...625..156D,
   author = {{Dieball}, A. and {Knigge}, C. and {Zurek}, D.~R. and {Shara}, M.~M. and 
	{Long}, K.~S.},
    title = "{Far-Ultraviolet Observations of the Globular Cluster NGC 2808 Revisited: Blue Stragglers, White Dwarfs, and Cataclysmic Variables}",
  journal = {\apj},
   eprint = {astro-ph/0501481},
 keywords = {Stars: Blue Stragglers, Galaxy: Globular Clusters: Individual: NGC Number: NGC 2808, Stars: Novae, Cataclysmic Variables, Stars: White Dwarfs},
     year = 2005,
    month = may,
   volume = 625,
    pages = {156-166},
      doi = {10.1086/429534},
   adsurl = {http://adsabs.harvard.edu/abs/2005ApJ...625..156D},
  adsnote = {Provided by the SAO/NASA Astrophysics Data System}
}

@ARTICLE{2005INGN....9....3D,
   author = {{Drew}, J.~E. and {Lennon}, Greimel, R., D.~J. and {Zijlstra}, A. and 
	{Irwin}, J. and {Aungwerowijt}, A. and {Barlow}, M.~J. and {Corradi}, R. and 
	{Evans}, C.~J. and {Gaensicke}, B. and {Groot}, P. and {Hales}, A. and 
	{Hopewell}, E. and {Irwin}, M.~J. and {Jaigirdar}, M. and {Knigge}, C. and 
	{Leisy}, P. and {Mampaso}, A. and {Matsuura}, M. and {Morales Rueda}, L. and 
	{Morris}, R. and {Parker}, Q.~A. and {Phillipps}, S. and {Rodr{\'{\i}}guez Gil}, P. and 
	{Roelofs}, G. and {Skillen}, I. and {Steeghs}, D. and {Unruh}, Y.~C. and 
	{Viironen}, K. and {Vink}, J. and {Walton}, N.~A. and {Witham}, A. and 
	{Wright}, N. and {Zurita}, A.},
    title = "{IPHAS: Surveying the North Galactic Plane in H-alpha}",
  journal = {The Newsletter of the Isaac Newton Group of Telescopes},
 keywords = {Galactic Plane, H-alpha, survey},
     year = 2005,
    month = mar,
   volume = 9,
    pages = {3-7},
   adsurl = {http://adsabs.harvard.edu/abs/2005INGN....9....3D},
  adsnote = {Provided by the SAO/NASA Astrophysics Data System}
}

@INPROCEEDINGS{2004ASPC..315..293S,
   author = {{Still}, M. and {Horne}, K. and {Knigge}, C.},
    title = "{Can the propeller outflow from AE Aquarii be imaged directly?}",
booktitle = {IAU Colloq. 190: Magnetic Cataclysmic Variables},
     year = 2004,
   series = {Astronomical Society of the Pacific Conference Series},
   volume = 315,
   editor = {{Vrielmann}, S. and {Cropper}, M.},
    month = dec,
    pages = {293},
   adsurl = {http://adsabs.harvard.edu/abs/2004ASPC..315..293S},
  adsnote = {Provided by the SAO/NASA Astrophysics Data System}
}

@INPROCEEDINGS{2004ASPC..315..170A,
   author = {{Araujo-Betancor}, S. and {Knigge}, C. and {Marsh}, T.~R. and 
	{Hynes}, R.~I. and {Steeghs}, D. and {Long}, K.~S.},
    title = "{Discovery of 15-second Oscillations in HST observations of W Sge following the 2001 Outburst}",
booktitle = {IAU Colloq. 190: Magnetic Cataclysmic Variables},
     year = 2004,
   series = {Astronomical Society of the Pacific Conference Series},
   volume = 315,
   editor = {{Vrielmann}, S. and {Cropper}, M.},
    month = dec,
    pages = {170},
   adsurl = {http://adsabs.harvard.edu/abs/2004ASPC..315..170A},
  adsnote = {Provided by the SAO/NASA Astrophysics Data System}
}

@ARTICLE{2004AJ....128.2847S,
   author = {{Shara}, M.~M. and {Hinkley}, S. and {Zurek}, D.~R. and {Knigge}, C. and 
	{Bond}, H.~E.},
    title = "{The Luminous Erupting Dwarf Nova CV 1 in the Dense Globular Cluster M15}",
  journal = {\aj},
   eprint = {astro-ph/0408526},
 keywords = {Galaxy: Globular Clusters: Individual: Messier Number: M15, Stars: Novae, Cataclysmic Variables, stars: dwarf novae},
     year = 2004,
    month = dec,
   volume = 128,
    pages = {2847-2853},
      doi = {10.1086/425631},
   adsurl = {http://adsabs.harvard.edu/abs/2004AJ....128.2847S},
  adsnote = {Provided by the SAO/NASA Astrophysics Data System}
}

@INPROCEEDINGS{2004AAS...20511303W,
   author = {{Walton}, N.~A. and {Drew}, J. and {Barlow}, M.~J. and {Corradi}, R. and 
	{Drake}, J. and {Gaensicke}, B. and {Greimel}, R. and {Groot}, P. and 
	{Irwin}, M.~J. and {Knigge}, C. and {Leisy}, P. and {Lennon}, D.~J. and 
	{Mampaso}, A. and {Masheder}, M. and {Morris}, R. and {Parker}, Q.~A. and 
	{Phillipps}, S. and {Pretorius}, M. and {Rodriguez-Gil}, P. and 
	{Skillen}, I. and {Sokoloski}, J. and {Steegs}, D. and {Unruh}, Y. and 
	{Witham}, A. and {Zijlstra}, A. and {Zurita}, A. and {IPHAS Collaboration}
	},
    title = "{IPHAS: The INT/WFC Photometric H-alpha Survey of the Northern Galactic Plane}",
booktitle = {American Astronomical Society Meeting Abstracts},
     year = 2004,
   series = {Bulletin of the American Astronomical Society},
   volume = 36,
    month = dec,
    pages = {#113.03},
   adsurl = {http://adsabs.harvard.edu/abs/2004AAS...20511303W},
  adsnote = {Provided by the SAO/NASA Astrophysics Data System}
}

@ARTICLE{2004MNRAS.355..137P,
   author = {{Prinja}, R.~K. and {Knigge}, C. and {Witherick}, D.~K. and 
	{Long}, K.~S. and {Brammer}, G.},
    title = "{FUSE observations of V592 Cas: the continuing enigma of orbitally modulated spectral signatures of accretion disc winds}",
  journal = {\mnras},
 keywords = {accretion, accretion discs, stars: individual: V592 Cas, stars: mass-loss, novae, cataclysmic variables, ultraviolet: stars},
     year = 2004,
    month = nov,
   volume = 355,
    pages = {137-142},
      doi = {10.1111/j.1365-2966.2004.08301.x},
   adsurl = {http://adsabs.harvard.edu/abs/2004MNRAS.355..137P},
  adsnote = {Provided by the SAO/NASA Astrophysics Data System}
}

@ARTICLE{2004ApJ...615L.129K,
   author = {{Knigge}, C. and {Araujo-Betancor}, S. and {G{\"a}nsicke}, B.~T. and 
	{Long}, K.~S. and {Szkody}, P. and {Hoard}, D.~W. and {Hynes}, R.~I. and 
	{Dhillon}, V.~S.},
    title = "{Time-resolved Ultraviolet Spectroscopy of the SW Sex Star DW UMa: Confirmation of a Hidden White Dwarf and the Ultraviolet Counterpart to Phase 0.5 Absorption Events}",
  journal = {\apjl},
   eprint = {astro-ph/0410292},
 keywords = {Accretion, Accretion Disks, Stars: Binaries: Close, Stars: Novae, Cataclysmic Variables, Stars: Individual: Constellation Name: DW Ursae Majoris},
     year = 2004,
    month = nov,
   volume = 615,
    pages = {L129-L132},
      doi = {10.1086/426118},
   adsurl = {http://adsabs.harvard.edu/abs/2004ApJ...615L.129K},
  adsnote = {Provided by the SAO/NASA Astrophysics Data System}
}

@INPROCEEDINGS{2004RMxAC..20..158L,
   author = {{Long}, K.~S. and {Knigge}, C.},
    title = "{Modeling the Diverse FUV Spectra of Disk-Dominated Cataclysmic Variables}",
 keywords = {accretion, accretion disks, binaries: close, novae, cataclysmic variables, Stars: Mass loss},
booktitle = {Revista Mexicana de Astronomia y Astrofisica Conference Series},
     year = 2004,
   series = {Revista Mexicana de Astronomia y Astrofisica Conference Series},
   volume = 20,
   editor = {{Tovmassian}, G. and {Sion}, E.},
    month = jul,
    pages = {158-159},
   adsurl = {http://adsabs.harvard.edu/abs/2004RMxAC..20..158L},
  adsnote = {Provided by the SAO/NASA Astrophysics Data System}
}

@INPROCEEDINGS{2004RMxAC..20...77K,
   author = {{Knigge}, C. and {Zurek}, D.~R. and {Shara}, M.~M. and {Long}, K.~S. and 
	{Gilliland}, R.~L. and {Charles}, P.~A.},
    title = "{Far-Ultraviolet Surveys of Globular Clusters: Searching for the Products of Stellar Collisions and Near Misses}",
 keywords = {Galaxy: Globular Clusters: Individual (47 Tucanae), Novae, Cataclysmic Variables, Stars: Blue Stragglers, Ultraviolet: General, White Dwarfs},
booktitle = {Revista Mexicana de Astronomia y Astrofisica Conference Series},
     year = 2004,
   series = {Revista Mexicana de Astronomia y Astrofisica Conference Series},
   volume = 20,
   eprint = {astro-ph/0401600},
   editor = {{Tovmassian}, G. and {Sion}, E.},
    month = jul,
    pages = {77-78},
   adsurl = {http://adsabs.harvard.edu/abs/2004RMxAC..20...77K},
  adsnote = {Provided by the SAO/NASA Astrophysics Data System}
}

@ARTICLE{2004MNRAS.352..277G,
   author = {{Goad}, M.~R. and {Korista}, K.~T. and {Knigge}, C.},
    title = "{Is the slope of the intrinsic Baldwin effect constant?}",
  journal = {\mnras},
   eprint = {astro-ph/0404296},
 keywords = {methods: data analysis, galaxies: active, galaxies: Seyfert},
     year = 2004,
    month = jul,
   volume = 352,
    pages = {277-284},
      doi = {10.1111/j.1365-2966.2004.07919.x},
   adsurl = {http://adsabs.harvard.edu/abs/2004MNRAS.352..277G},
  adsnote = {Provided by the SAO/NASA Astrophysics Data System}
}

@MISC{2004hst..prop10183K,
   author = {{Knigge}, C.},
    title = "{A Deep Far-UV Search for the Interacting Binary Population in M80}",
howpublished = {HST Proposal},
     year = 2004,
    month = jul,
    pages = {10183},
   adsurl = {http://adsabs.harvard.edu/abs/2004hst..prop10183K},
  adsnote = {Provided by the SAO/NASA Astrophysics Data System}
}

@ARTICLE{2004ApJ...602..336G,
   author = {{Godon}, P. and {Sion}, E.~M. and {Cheng}, F. and {G{\"a}nsicke}, B.~T. and 
	{Howell}, S. and {Knigge}, C. and {Sparks}, W.~M. and {Starrfield}, S.
	},
    title = "{Modeling the Heating and Cooling of WZ Sagittae Following the 2001 July Outburst}",
  journal = {\apj},
   eprint = {astro-ph/0310876},
 keywords = {Stars: Novae, Cataclysmic Variables, Stars: Individual: Constellation Name: WZ Sagittae, Stars: White Dwarfs},
     year = 2004,
    month = feb,
   volume = 602,
    pages = {336-341},
      doi = {10.1086/380918},
   adsurl = {http://adsabs.harvard.edu/abs/2004ApJ...602..336G},
  adsnote = {Provided by the SAO/NASA Astrophysics Data System}
}

@ARTICLE{2004MPLA...19.2013K,
   author = {{Knigge}, C.},
    title = "{Far-Ultraviolet Surveys of Globular Clusters:}",
  journal = {Modern Physics Letters A},
   eprint = {astro-ph/0407054},
 keywords = {Cataclysmic binaries, symbiotic stars, Hertzsprung-Russell color-magnitude and color-color diagrams, Globular clusters in the Milky Way, Faint blue stars white dwarfs degenerate stars nuclei of planetary nebulae, Ultraviolet},
     year = 2004,
   volume = 19,
    pages = {2013-2027},
      doi = {10.1142/S0217732304015282},
   adsurl = {http://adsabs.harvard.edu/abs/2004MPLA...19.2013K},
  adsnote = {Provided by the SAO/NASA Astrophysics Data System}
}

@ARTICLE{2003ApJ...599.1320K,
   author = {{Knigge}, C. and {Zurek}, D.~R. and {Shara}, M.~M. and {Long}, K.~S. and 
	{Gilliland}, R.~L.},
    title = "{A Far-Ultraviolet Survey of 47 Tucanae. II. The Long-Period Cataclysmic Variable AKO 9}",
  journal = {\apj},
   eprint = {astro-ph/0309168},
 keywords = {Stars: Binaries: Eclipsing, Stars: Blue Stragglers, Galaxy: Globular Clusters: Individual: Name: 47 Tucanae, Stars: Novae, Cataclysmic Variables, Ultraviolet: Stars, Stars: White Dwarfs},
     year = 2003,
    month = dec,
   volume = 599,
    pages = {1320-1332},
      doi = {10.1086/379609},
   adsurl = {http://adsabs.harvard.edu/abs/2003ApJ...599.1320K},
  adsnote = {Provided by the SAO/NASA Astrophysics Data System}
}

@ARTICLE{2003ApJ...599..509W,
   author = {{Welsh}, W.~F. and {Sion}, E.~M. and {Godon}, P. and {G{\"a}nsicke}, B.~T. and 
	{Knigge}, C. and {Long}, K.~S. and {Szkody}, P.},
    title = "{Hubble Space Telescope Observations of Ultraviolet Oscillations in WZ Sagittae During the Decline from Outburst}",
  journal = {\apj},
   eprint = {astro-ph/0309549},
 keywords = {Accretion, Accretion Disks, Stars: Dwarf Novae, Stars: Individual: Constellation Name: WZ Sagittae, Stars: Magnetic Fields, Stars: Oscillations, Stars: White Dwarfs},
     year = 2003,
    month = dec,
   volume = 599,
    pages = {509-515},
      doi = {10.1086/379149},
   adsurl = {http://adsabs.harvard.edu/abs/2003ApJ...599..509W},
  adsnote = {Provided by the SAO/NASA Astrophysics Data System}
}

@ARTICLE{2003AJ....126.2473H,
   author = {{Hoard}, D.~W. and {Szkody}, P. and {Froning}, C.~S. and {Long}, K.~S. and 
	{Knigge}, C.},
    title = "{Observations of the SW Sextantis Star DW Ursae Majoris with the Far Ultraviolet Spectroscopic Explorer}",
  journal = {\aj},
   eprint = {astro-ph/0307424},
 keywords = {-Stars: Novae, Cataclysmic Variables, Stars: Individual: Constellation Name: DW Ursae Majoris, Ultraviolet Emission},
     year = 2003,
    month = nov,
   volume = 126,
    pages = {2473-2486},
      doi = {10.1086/378605},
   adsurl = {http://adsabs.harvard.edu/abs/2003AJ....126.2473H},
  adsnote = {Provided by the SAO/NASA Astrophysics Data System}
}

@ARTICLE{2003ApJ...594..443G,
   author = {{G{\"a}nsicke}, B.~T. and {Szkody}, P. and {de Martino}, D. and 
	{Beuermann}, K. and {Long}, K.~S. and {Sion}, E.~M. and {Knigge}, C. and 
	{Marsh}, T. and {Hubeny}, I.},
    title = "{Anomalous Ultraviolet Line Flux Ratios in the Cataclysmic Variables 1RXS J232953.9+062814, CE 315, BZ Ursae Majoris, and EY Cygni, Observed with the Hubble Space Telescope Space Telescope Imaging Spectrograph}",
  journal = {\apj},
   eprint = {astro-ph/0305264},
 keywords = {Line: Formation, Stars: Novae, Cataclysmic Variables, Stars: Individual: Alphanumeric: 1RXS J232953.9+062814, Stars: Individual: Constellation Name: BZ Ursae Majoris, Stars: Individual: Alphanumeric: CE 315, Stars: Individual: Constellation Name: EY Cygni, Stars: White Dwarfs},
     year = 2003,
    month = sep,
   volume = 594,
    pages = {443-448},
      doi = {10.1086/376902},
   adsurl = {http://adsabs.harvard.edu/abs/2003ApJ...594..443G},
  adsnote = {Provided by the SAO/NASA Astrophysics Data System}
}

@ARTICLE{2003ApJ...592.1137S,
   author = {{Sion}, E.~M. and {G{\"a}nsicke}, B.~T. and {Long}, K.~S. and 
	{Szkody}, P. and {Cheng}, F.-H. and {Howell}, S.~B. and {Godon}, P. and 
	{Welsh}, W.~F. and {Starrfield}, S. and {Knigge}, C. and {Sparks}, W.~M.
	},
    title = "{Hubble Space Telescope Spectroscopy of the Unexpected 2001 July Outburst of the Dwarf Nova WZ Sagittae}",
  journal = {\apj},
 keywords = {Stars: Novae, Cataclysmic Variables, Stars: Individual: Constellation Name: WZ Sagittae, Stars: White Dwarfs},
     year = 2003,
    month = aug,
   volume = 592,
    pages = {1137-1150},
      doi = {10.1086/375855},
   adsurl = {http://adsabs.harvard.edu/abs/2003ApJ...592.1137S},
  adsnote = {Provided by the SAO/NASA Astrophysics Data System}
}

@MISC{2003hst..prop.9792K,
   author = {{Knigge}, C.},
    title = "{Uncovering the CV populatin in M15: a deep, time-resolved, far-UV survey of the cluster core}",
howpublished = {HST Proposal},
     year = 2003,
    month = jul,
    pages = {9792},
   adsurl = {http://adsabs.harvard.edu/abs/2003hst..prop.9792K},
  adsnote = {Provided by the SAO/NASA Astrophysics Data System}
}

@MISC{2003hst..prop.9791K,
   author = {{Knigge}, C.},
    title = "{Curing the SW Sex Syndrome}",
howpublished = {HST Proposal},
     year = 2003,
    month = jul,
    pages = {9791},
   adsurl = {http://adsabs.harvard.edu/abs/2003hst..prop.9791K},
  adsnote = {Provided by the SAO/NASA Astrophysics Data System}
}

@ARTICLE{2003ApJ...591.1172L,
   author = {{Long}, K.~S. and {Froning}, C.~S. and {G{\"a}nsicke}, B. and 
	{Knigge}, C. and {Sion}, E.~M. and {Szkody}, P.},
    title = "{WZ Sagittae: FUSE Spectroscopy of the 2001 Outburst}",
  journal = {\apj},
   eprint = {astro-ph/0303537},
 keywords = {Accretion, Accretion Disks, Stars: Binaries: Close, Stars: Novae, Cataclysmic Variables, Stars: Individual: Constellation Name: WZ Sagittae, Stars: Mass Loss},
     year = 2003,
    month = jul,
   volume = 591,
    pages = {1172-1183},
      doi = {10.1086/375365},
   adsurl = {http://adsabs.harvard.edu/abs/2003ApJ...591.1172L},
  adsnote = {Provided by the SAO/NASA Astrophysics Data System}
}

@ARTICLE{2003MNRAS.340..551P,
   author = {{Prinja}, R.~K. and {Long}, K.~S. and {Froning}, C.~S. and {Knigge}, C. and 
	{Witherick}, D.~K. and {Clark}, J.~S. and {Ringwald}, F.~A.},
    title = "{FUSE and HST ultraviolet observations of the disc wind of RW Sextantis}",
  journal = {\mnras},
 keywords = {accretion, accretion discs, stars: individual: RW Sex, stars: mass-loss, novae, cataclysmic variables, ultraviolet: stars},
     year = 2003,
    month = apr,
   volume = 340,
    pages = {551-561},
      doi = {10.1046/j.1365-8711.2003.06307.x},
   adsurl = {http://adsabs.harvard.edu/abs/2003MNRAS.340..551P},
  adsnote = {Provided by the SAO/NASA Astrophysics Data System}
}

@ARTICLE{2003ApJ...584..433F,
   author = {{Froning}, C.~S. and {Long}, K.~S. and {Knigge}, C.},
    title = "{Accretion and Outflow in Interacting Binary Systems: Far Ultraviolet Spectroscopic Explorer Observations of the Nova-like Cataclysmic Variable UX Ursae Majoris}",
  journal = {\apj},
   eprint = {astro-ph/0210398},
 keywords = {Stars: Binaries: Close, Stars: Novae, Cataclysmic Variables, Stars: Individual: Constellation Name: UX Ursae Majoris, Ultraviolet: Stars, Stars: White Dwarfs},
     year = 2003,
    month = feb,
   volume = 584,
    pages = {433-447},
      doi = {10.1086/345617},
   adsurl = {http://adsabs.harvard.edu/abs/2003ApJ...584..433F},
  adsnote = {Provided by the SAO/NASA Astrophysics Data System}
}

@INPROCEEDINGS{2003ASPC..288..251H,
   author = {{Heber}, U. and {Maxted}, P.~F.~L. and {Marsh}, T.~R. and {Knigge}, C. and 
	{Drew}, J.~E.},
    title = "{Stellar Wind Signatures in sdB Stars?}",
booktitle = {Stellar Atmosphere Modeling},
     year = 2003,
   series = {Astronomical Society of the Pacific Conference Series},
   volume = 288,
   eprint = {astro-ph/0212488},
   editor = {{Hubeny}, I. and {Mihalas}, D. and {Werner}, K.},
    month = jan,
    pages = {251},
   adsurl = {http://adsabs.harvard.edu/abs/2003ASPC..288..251H},
  adsnote = {Provided by the SAO/NASA Astrophysics Data System}
}

@ARTICLE{2003ApJ...583..437A,
   author = {{Araujo-Betancor}, S. and {Knigge}, C. and {Long}, K.~S. and 
	{Hoard}, D.~W. and {Szkody}, P. and {Rodgers}, B. and {Krisciunas}, K. and 
	{Dhillon}, V.~S. and {Hynes}, R.~I. and {Patterson}, J. and 
	{Kemp}, J.},
    title = "{The System Parameters of DW Ursae Majoris}",
  journal = {\apj},
   eprint = {astro-ph/0209542},
 keywords = {Stars: Binaries: Close, Stars: Binaries: Eclipsing, Stars: Novae, Cataclysmic Variables, Stars: Fundamental Parameters, Stars: Individual: Constellation Name: DW Ursae Majoris, Ultraviolet: Stars},
     year = 2003,
    month = jan,
   volume = 583,
    pages = {437-445},
      doi = {10.1086/345098},
   adsurl = {http://adsabs.harvard.edu/abs/2003ApJ...583..437A},
  adsnote = {Provided by the SAO/NASA Astrophysics Data System}
}

@INPROCEEDINGS{2003whdw.conf..109H,
   author = {{Heber}, U. and {Maxted}, P.~F.~L. and {Marsh}, T.~R. and {Knigge}, C. and 
	{Drew}, J.~E.},
    title = "{Stellar wind signatures in sdB stars?}",
booktitle = {NATO ASIB Proc. 105: White Dwarfs},
     year = 2003,
   eprint = {astro-ph/0212493},
   editor = {{de Martino}, D. and {Silvotti}, R. and {Solheim}, J.-E. and 
	{Kalytis}, R.},
    pages = {109},
   adsurl = {http://adsabs.harvard.edu/abs/2003whdw.conf..109H},
  adsnote = {Provided by the SAO/NASA Astrophysics Data System}
}

@ARTICLE{2002ApJ...580L.151K,
   author = {{Knigge}, C. and {Hynes}, R.~I. and {Steeghs}, D. and {Long}, K.~S. and 
	{Araujo-Betancor}, S. and {Marsh}, T.~R.},
    title = "{Discovery of 15 Second Oscillations in Hubble Space Telescope Observations of WZ Sagittae following the 2001 Outburst}",
  journal = {\apjl},
   eprint = {astro-ph/0210384},
 keywords = {Accretion, Accretion Disks, Stars: Binaries: Close, Stars: Novae, Cataclysmic Variables, Stars: Individual: Constellation Name: WZ Sagittae},
     year = 2002,
    month = dec,
   volume = 580,
    pages = {L151-L155},
      doi = {10.1086/345591},
   adsurl = {http://adsabs.harvard.edu/abs/2002ApJ...580L.151K},
  adsnote = {Provided by the SAO/NASA Astrophysics Data System}
}

@INPROCEEDINGS{2002AAS...201.3304H,
   author = {{Hoard}, D.~W. and {Szkody}, P. and {Linnell}, A. and {Long}, K. and 
	{Sion}, E.~M. and {Hubeny}, I. and {Knigge}, C.},
    title = "{Observations of Novalike Cataclysmic Variables with the Far Ultraviolet Spectroscopic Explorer}",
booktitle = {American Astronomical Society Meeting Abstracts},
     year = 2002,
   series = {Bulletin of the American Astronomical Society},
   volume = 34,
    month = dec,
    pages = {1155},
   adsurl = {http://adsabs.harvard.edu/abs/2002AAS...201.3304H},
  adsnote = {Provided by the SAO/NASA Astrophysics Data System}
}

@ARTICLE{2002ApJ...579..752K,
   author = {{Knigge}, C. and {Zurek}, D.~R. and {Shara}, M.~M. and {Long}, K.~S.
	},
    title = "{A Far-Ultraviolet Survey of 47 Tucanae. I. Imaging}",
  journal = {\apj},
   eprint = {astro-ph/0207060},
 keywords = {Stars: Blue Stragglers, Galaxy: Globular Clusters: Individual: Name: 47 Tucanae, Stars: Novae, Cataclysmic Variables, Ultraviolet: General, Stars: White Dwarfs},
     year = 2002,
    month = nov,
   volume = 579,
    pages = {752-759},
      doi = {10.1086/342835},
   adsurl = {http://adsabs.harvard.edu/abs/2002ApJ...579..752K},
  adsnote = {Provided by the SAO/NASA Astrophysics Data System}
}

@ARTICLE{2002ApJ...579..725L,
   author = {{Long}, K.~S. and {Knigge}, C.},
    title = "{Modeling the Spectral Signatures of Accretion Disk Winds: A New Monte Carlo Approach}",
  journal = {\apj},
   eprint = {astro-ph/0208011},
 keywords = {Accretion, Accretion Disks, Stars: Binaries: Close, Stars: Novae, Cataclysmic Variables, Stars: Individual: Constellation Name: Z Camelopardalis, Stars: Mass Loss},
     year = 2002,
    month = nov,
   volume = 579,
    pages = {725-740},
      doi = {10.1086/342879},
   adsurl = {http://adsabs.harvard.edu/abs/2002ApJ...579..725L},
  adsnote = {Provided by the SAO/NASA Astrophysics Data System}
}

@ARTICLE{2002MNRAS.335L..67G,
   author = {{Goad}, M.~R. and {Roberts}, T.~P. and {Knigge}, C. and {Lira}, P.
	},
    title = "{The optical counterpart of the ultraluminous X-ray source NGC 5204 X-1}",
  journal = {\mnras},
   eprint = {astro-ph/0207428},
 keywords = {accretion, accretion discs, black hole physics, galaxies: photometry, galaxies: star clusters, X-rays: binaries, X-rays: individual: NGC 5204 X-1},
     year = 2002,
    month = sep,
   volume = 335,
    pages = {L67-L70},
      doi = {10.1046/j.1365-8711.2002.05852.x},
   adsurl = {http://adsabs.harvard.edu/abs/2002MNRAS.335L..67G},
  adsnote = {Provided by the SAO/NASA Astrophysics Data System}
}

@ARTICLE{2002MNRAS.332..127H,
   author = {{Hartley}, L.~E. and {Drew}, J.~E. and {Long}, K.~S. and {Knigge}, C. and 
	{Proga}, D.},
    title = "{Testing the line-driven disc wind model: time-resolved ultraviolet spectroscopy of IX Vel and V3885Sgr}",
  journal = {\mnras},
   eprint = {astro-ph/0112424},
 keywords = {line: profiles, binaries: close, stars: mass-loss, novae, cataclysmic variables, ultraviolet: stars},
     year = 2002,
    month = may,
   volume = 332,
    pages = {127-143},
      doi = {10.1046/j.1365-8711.2002.05277.x},
   adsurl = {http://adsabs.harvard.edu/abs/2002MNRAS.332..127H},
  adsnote = {Provided by the SAO/NASA Astrophysics Data System}
}

@INPROCEEDINGS{2002ASPC..261..443K,
   author = {{Kuulkers}, E. and {Knigge}, C. and {Steeghs}, D. and {Wheatley}, P.~J. and 
	{Long}, K.~S.},
    title = "{First results from multi-wavelength observations during the 2001 outburst of WZ Sge}",
booktitle = {The Physics of Cataclysmic Variables and Related Objects},
     year = 2002,
   series = {Astronomical Society of the Pacific Conference Series},
   volume = 261,
   eprint = {astro-ph/0110064},
   editor = {{G{\"a}nsicke}, B.~T. and {Beuermann}, K. and {Reinsch}, K.},
    month = jan,
    pages = {443},
   adsurl = {http://adsabs.harvard.edu/abs/2002ASPC..261..443K},
  adsnote = {Provided by the SAO/NASA Astrophysics Data System}
}

@INPROCEEDINGS{2002ASPC..261..337F,
   author = {{Froning}, C.~S. and {Long}, K.~S. and {Drew}, J.~E. and {Knigge}, C. and 
	{Proga}, D. and {Mattei}, J.~A.},
    title = "{The evolution of disks and winds in dwarf novae outbursts}",
booktitle = {The Physics of Cataclysmic Variables and Related Objects},
     year = 2002,
   series = {Astronomical Society of the Pacific Conference Series},
   volume = 261,
   eprint = {astro-ph/0109486},
   editor = {{G{\"a}nsicke}, B.~T. and {Beuermann}, K. and {Reinsch}, K.},
    month = jan,
    pages = {337},
   adsurl = {http://adsabs.harvard.edu/abs/2002ASPC..261..337F},
  adsnote = {Provided by the SAO/NASA Astrophysics Data System}
}

@INPROCEEDINGS{2002ASPC..261..327L,
   author = {{Long}, K.~S. and {Knigge}, C.},
    title = "{Modelling the spectral signatures of accretion disk winds in cataclysmic variables}",
booktitle = {The Physics of Cataclysmic Variables and Related Objects},
     year = 2002,
   series = {Astronomical Society of the Pacific Conference Series},
   volume = 261,
   eprint = {astro-ph/0110256},
   editor = {{G{\"a}nsicke}, B.~T. and {Beuermann}, K. and {Reinsch}, K.},
    month = jan,
    pages = {327},
   adsurl = {http://adsabs.harvard.edu/abs/2002ASPC..261..327L},
  adsnote = {Provided by the SAO/NASA Astrophysics Data System}
}

@INPROCEEDINGS{2002ASPC..263..137K,
   author = {{Knigge}, C. and {Shara}, M.~M. and {Zurek}, D.~R. and {Long}, K.~S. and 
	{Gilliland}, R.~L.},
    title = "{A Far-Ultraviolet Spectroscopic Survey of the Globular Cluster 47 Tuc}",
booktitle = {Stellar Collisions, Mergers and their Consequences},
     year = 2002,
   series = {Astronomical Society of the Pacific Conference Series},
   volume = 263,
   editor = {{Shara}, M.~M.},
    pages = {137},
   adsurl = {http://adsabs.harvard.edu/abs/2002ASPC..263..137K},
  adsnote = {Provided by the SAO/NASA Astrophysics Data System}
}

@ARTICLE{2001ApJ...562L.145S,
   author = {{Steeghs}, D. and {Marsh}, T. and {Knigge}, C. and {Maxted}, P.~F.~L. and 
	{Kuulkers}, E. and {Skidmore}, W.},
    title = "{Emission from the Secondary Star in the Old Cataclysmic Variable WZ Sagittae}",
  journal = {\apjl},
 keywords = {Accretion, Accretion Disks, Stars: Novae, Cataclysmic Variables, Stars: Individual: Constellation Name: WZ Sagittae},
     year = 2001,
    month = dec,
   volume = 562,
    pages = {L145-L148},
      doi = {10.1086/338107},
   adsurl = {http://adsabs.harvard.edu/abs/2001ApJ...562L.145S},
  adsnote = {Provided by the SAO/NASA Astrophysics Data System}
}

@ARTICLE{2001ApJ...562..963F,
   author = {{Froning}, C.~S. and {Long}, K.~S. and {Drew}, J.~E. and {Knigge}, C. and 
	{Proga}, D.},
    title = "{FUSE Observations of U Geminorum during Outburst and Decline}",
  journal = {\apj},
   eprint = {astro-ph/0107463},
 keywords = {Accretion, Accretion Disks, Stars: Binaries: Close, Stars: Novae, Cataclysmic Variables, stars: individual (U Geminorum), Ultraviolet: Stars},
     year = 2001,
    month = dec,
   volume = 562,
    pages = {963-984},
      doi = {10.1086/323860},
   adsurl = {http://adsabs.harvard.edu/abs/2001ApJ...562..963F},
  adsnote = {Provided by the SAO/NASA Astrophysics Data System}
}

@INPROCEEDINGS{2001AAS...199.6207F,
   author = {{Froning}, C.~S. and {Long}, K.~S. and {Knigge}, C.},
    title = "{FUSE Observations of the Bright, Eclipsing, Novalike Cataclysmic Variable, UX UMa}",
booktitle = {American Astronomical Society Meeting Abstracts},
     year = 2001,
   series = {Bulletin of the American Astronomical Society},
   volume = 33,
    month = dec,
    pages = {1400},
   adsurl = {http://adsabs.harvard.edu/abs/2001AAS...199.6207F},
  adsnote = {Provided by the SAO/NASA Astrophysics Data System}
}

@INPROCEEDINGS{2001AAS...199.6202L,
   author = {{Long}, K.~S. and {Froning}, C.~S. and {Knigge}, C. and {Sion}, E.~M. and 
	{Szkody}, P.},
    title = "{FUSE FUV Spectroscopy of the Recent, Unexpected Outburst of WZ Sagittae}",
booktitle = {American Astronomical Society Meeting Abstracts},
     year = 2001,
   series = {Bulletin of the American Astronomical Society},
   volume = 33,
    month = dec,
    pages = {1400},
   adsurl = {http://adsabs.harvard.edu/abs/2001AAS...199.6202L},
  adsnote = {Provided by the SAO/NASA Astrophysics Data System}
}

@ARTICLE{2001astro.ph..9311S,
   author = {{Steeghs}, D. and {Marsh}, T. and {Knigge}, C. and {Maxted}, P. and 
	{Kuulkers}, E. and {Skidmore}, W.},
    title = "{Emission from the secondary star in the old CV WZ Sge}",
  journal = {ArXiv Astrophysics e-prints},
   eprint = {astro-ph/0109311},
 keywords = {Astrophysics},
     year = 2001,
    month = sep,
   adsurl = {http://adsabs.harvard.edu/abs/2001astro.ph..9311S},
  adsnote = {Provided by the SAO/NASA Astrophysics Data System}
}

@MISC{2001hst..prop.9287K,
   author = {{Knigge}, C.},
    title = "{STIS Ultraviolet Observations of the Death Star in Outburst}",
howpublished = {HST Proposal},
     year = 2001,
    month = jul,
    pages = {9287},
   adsurl = {http://adsabs.harvard.edu/abs/2001hst..prop.9287K},
  adsnote = {Provided by the SAO/NASA Astrophysics Data System}
}

@ARTICLE{2000PASP..112.1584P,
   author = {{Patterson}, J. and {Vanmunster}, T. and {Skillman}, D.~R. and 
	{Jensen}, L. and {Stull}, J. and {Martin}, B. and {Cook}, L.~M. and 
	{Kemp}, J. and {Knigge}, C.},
    title = "{Superhumps in Cataclysmic Binaries. XIX. DV Ursae Majoris}",
  journal = {\pasp},
 keywords = {accretion, accretion disks, Stars: Binaries: Close, Stars: Novae, Cataclysmic Variables, Stars: Individual: Constellation Name: DV Ursae Majoris},
     year = 2000,
    month = dec,
   volume = 112,
    pages = {1584-1594},
      doi = {10.1086/317720},
   adsurl = {http://adsabs.harvard.edu/abs/2000PASP..112.1584P},
  adsnote = {Provided by the SAO/NASA Astrophysics Data System}
}

@ARTICLE{2000astro.ph.12187K,
   author = {{Knigge}, C. and {Shara}, M.~M. and {Zurek}, D.~R. and {Long}, K.~S. and 
	{Gilliland}, R.~L.},
    title = "{A Far-Ultraviolet Spectroscopic Survey of the Globular Cluster 47 Tuc}",
  journal = {ArXiv Astrophysics e-prints},
   eprint = {astro-ph/0012187},
 keywords = {Astrophysics},
     year = 2000,
    month = dec,
   adsurl = {http://adsabs.harvard.edu/abs/2000astro.ph.12187K},
  adsnote = {Provided by the SAO/NASA Astrophysics Data System}
}

@ARTICLE{2000A&A...364L..75K,
   author = {{Knigge}, C. and {King}, A.~R. and {Patterson}, J.},
    title = "{Assisted stellar suicide: the wind-driven evolution of the recurrent nova T Pyxidis}",
  journal = {\aap},
   eprint = {astro-ph/0011304},
 keywords = {STARS: NEUTRON, STARS: PULSARS: GENERAL, ISM: STRUCTURE},
     year = 2000,
    month = dec,
   volume = 364,
    pages = {L75-L79},
   adsurl = {http://adsabs.harvard.edu/abs/2000A%26A...364L..75K},
  adsnote = {Provided by the SAO/NASA Astrophysics Data System}
}

@ARTICLE{2000MNRAS.318..368P,
   author = {{Prinja}, R.~K. and {Knigge}, C. and {Ringwald}, F.~A. and {Wade}, R.~A.
	},
    title = "{Episodic absorption in the outflow of the old nova V603 Aquilae}",
  journal = {\mnras},
 keywords = {STARS: INDIVIDUAL: V603 AQL, STARS: MASS-LOSS, NOVAE, CATACLYSMIC VARIABLES},
     year = 2000,
    month = oct,
   volume = 318,
    pages = {368-374},
      doi = {10.1046/j.1365-8711.2000.03702.x},
   adsurl = {http://adsabs.harvard.edu/abs/2000MNRAS.318..368P},
  adsnote = {Provided by the SAO/NASA Astrophysics Data System}
}

@ARTICLE{2000ApJ...539L..49K,
   author = {{Knigge}, C. and {Long}, K.~S. and {Hoard}, D.~W. and {Szkody}, P. and 
	{Dhillon}, V.~S.},
    title = "{A Self-occulting Accretion Disk in the SW Sextantis Star DW Ursae Majoris}",
  journal = {\apjl},
   eprint = {astro-ph/0004329},
 keywords = {Accretion, Accretion Disks, Stars: Binaries: Close, Stars: Novae, Cataclysmic Variables, Stars: Individual: Constellation Name: DW Ursae Majoris},
     year = 2000,
    month = aug,
   volume = 539,
    pages = {L49-L53},
      doi = {10.1086/312825},
   adsurl = {http://adsabs.harvard.edu/abs/2000ApJ...539L..49K},
  adsnote = {Provided by the SAO/NASA Astrophysics Data System}
}

@ARTICLE{2000MNRAS.312..316P,
   author = {{Prinja}, R.~K. and {Ringwald}, F.~A. and {Wade}, R.~A. and 
	{Knigge}, C.},
    title = "{HST ultraviolet observations of rapid variability in the accretion-disc wind of BZ Cam}",
  journal = {\mnras},
 keywords = {ACCRETION, ACCRETION DISCS, STARS: INDIVIDUAL: BZ CAM, STARS: MASS-LOSS, NOVAE, CATACLYSMIC VARIABLES, ULTRAVIOLET: STARS},
     year = 2000,
    month = feb,
   volume = 312,
    pages = {316-326},
      doi = {10.1046/j.1365-8711.2000.03111.x},
   adsurl = {http://adsabs.harvard.edu/abs/2000MNRAS.312..316P},
  adsnote = {Provided by the SAO/NASA Astrophysics Data System}
}

@ARTICLE{1999MNRAS.309..409K,
   author = {{Knigge}, C.},
    title = "{The effective temperature distribution of steady-state, mass-losing accretion discs}",
  journal = {\mnras},
   eprint = {astro-ph/9906194},
     year = 1999,
    month = oct,
   volume = 309,
    pages = {409-420},
      doi = {10.1046/j.1365-8711.1999.02839.x},
   adsurl = {http://adsabs.harvard.edu/abs/1999MNRAS.309..409K},
  adsnote = {Provided by the SAO/NASA Astrophysics Data System}
}

@MISC{1999hst..prop.8219K,
   author = {{Knigge}, C.},
    title = "{A Definitive Census of the Cataclysmic Variable Population in 47 Tuc}",
howpublished = {HST Proposal},
     year = 1999,
    month = jul,
    pages = {8219},
   adsurl = {http://adsabs.harvard.edu/abs/1999hst..prop.8219K},
  adsnote = {Provided by the SAO/NASA Astrophysics Data System}
}

