@INPROCEEDINGS{blaes1998,
   author = {{Blaes}, O.},
    title = "{Optical/ultraviolet continuum emission theory in radio quiet quasars and active galactic nuclei}",
 keywords = {Quasars, active or peculiar galaxies objects and systems, Radiation mechanisms, polarization, Infall accretion and accretion disks},
booktitle = {American Institute of Physics Conference Series},
     year = 1998,
   series = {American Institute of Physics Conference Series},
   volume = 431,
   eprint = {astro-ph/9712347},
   editor = {{Holt}, S.~S. and {Kallman}, T.~R.},
    month = apr,
    pages = {161-170},
      doi = {10.1063/1.55891},
   adsurl = {http://adsabs.harvard.edu/abs/1998AIPC..431..161B},
  adsnote = {Provided by the SAO/NASA Astrophysics Data System}
}


@ARTICLE{1998ApJ...493...54C,
   author = {{Cagnoni}, I. and {Della Ceca}, R. and {Maccacaro}, T.},
    title = "{A Medium Survey of the Hard X-Ray Sky with the ASCA Gas Imaging Spectrometer: The (2--10 keV) Number Counts Relationship}",
  journal = {\apj},
 keywords = {COSMOLOGY: DIFFUSE RADIATION, SURVEYS, X-RAYS: GALAXIES, X-RAYS: GENERAL, Cosmology: Diffuse Radiation, Surveys, X-Rays: Galaxies, X-Rays: General},
     year = 1998,
    month = jan,
   volume = 493,
    pages = {54-61},
      doi = {10.1086/305097},
   adsurl = {http://adsabs.harvard.edu/abs/1998ApJ...493...54C},
  adsnote = {Provided by the SAO/NASA Astrophysics Data System}
}

@ARTICLE{brotherton1997,
   author = {{Brotherton}, M.~S. and {Tran}, H.~D. and {van Breugel}, W. and 
	{Dey}, A. and {Antonucci}, R.},
    title = "{Spectropolarimetry of FIRST Broad Absorption Line Quasars}",
  journal = {\apjl},
   eprint = {astro-ph/9707238},
 keywords = {GALAXIES: QUASARS: ABSORPTION LINES, GALAXIES: QUASARS: EMISSION LINES, GALAXIES: QUASARS: INDIVIDUAL ALPHANUMERIC: FIRST J084044.5+363328, GALAXIES: QUASARS: INDIVIDUAL ALPHANUMERIC: FIRST J155633.8+351758, POLARIZATION, Polarization, Galaxies: Quasars: Absorption Lines, Galaxies: Quasars: Emission Lines, Galaxies: Quasars: General, Galaxies: Quasars: Individual: Alphanumeric: FIRST J084044.5+363328, Galaxies: Quasars: Individual: Alphanumeric: FIRST J155633.8+351758},
     year = 1997,
    month = oct,
   volume = 487,
    pages = {L113-L116},
      doi = {10.1086/310898},
   adsurl = {http://adsabs.harvard.edu/abs/1997ApJ...487L.113B},
  adsnote = {Provided by the SAO/NASA Astrophysics Data System}
}

@ARTICLE{1997ApJ...474..606G,
   author = {{Goodrich}, R.~W.},
    title = "{On the Fraction of Broad Absorption Line Quasi-stellar Objects}",
  journal = {\apj},
 keywords = {Galaxies: Luminosity Function, Mass Function, Galaxies: Statistics, Polarization, Galaxies: Quasars: Absorption Lines},
     year = 1997,
    month = jan,
   volume = 474,
    pages = {606-611},
   adsurl = {http://adsabs.harvard.edu/abs/1997ApJ...474..606G},
  adsnote = {Provided by the SAO/NASA Astrophysics Data System}
}

@PHDTHESIS{1997PhDT.........2A,
   author = {{Agol}, E.},
    title = "{The Effects of Magnetic Fields, Absorption, and Relativity on the Polarization of Accretion Disks around Supermassive Black Holes}",
   school = {UNIVERSITY OF CALIFORNIA, SANTA BARBARA},
     year = 1997,
   adsurl = {http://adsabs.harvard.edu/abs/1997PhDT.........2A},
  adsnote = {Provided by the SAO/NASA Astrophysics Data System}
}

@ARTICLE{1996ApJ...464..158H,
   author = {{Hamann}, F. and {Korista}, K.~T.},
    title = "{On the Scattering Contributions to N V lambda 1240 and C IV lambda 1549 in QSOs}",
  journal = {\apj},
 keywords = {GALAXIES: QUASARS: EMISSION LINES, RADIATIVE TRANSFER, SCATTERING},
     year = 1996,
    month = jun,
   volume = 464,
    pages = {158},
      doi = {10.1086/177307},
   adsurl = {http://adsabs.harvard.edu/abs/1996ApJ...464..158H},
  adsnote = {Provided by the SAO/NASA Astrophysics Data System}
}

@ARTICLE{1996ApJ...462..637G,
   author = {{Green}, P.~J. and {Mathur}, S.},
    title = "{Broad Absorption Line Quasars Observed by the ROSAT PSPC}",
  journal = {\apj},
   eprint = {astro-ph/9512032},
 keywords = {GALAXIES: ACTIVE, GALAXIES: QUASARS: ABSORPTION LINES, X-RAYS: GALAXIES},
     year = 1996,
    month = may,
   volume = 462,
    pages = {637},
      doi = {10.1086/177178},
   adsurl = {http://adsabs.harvard.edu/abs/1996ApJ...462..637G},
  adsnote = {Provided by the SAO/NASA Astrophysics Data System}
}

@ARTICLE{1995ApJ...455L...9M,
   author = {{Mathur}, S. and {Elvis}, M. and {Singh}, K.~P.},
    title = "{Strong X-Ray Absorption in a Broad Absorption Line Quasar: PHL 5200}",
  journal = {\apjl},
 keywords = {GALAXIES: QUASARS: INDIVIDUAL ALPHANUMERIC: PHL 5200, GALAXIES: QUASARS: ABSORPTION LINES, X-RAYS: GALAXIES},
     year = 1995,
    month = dec,
   volume = 455,
    pages = {L9},
      doi = {10.1086/309820},
   adsurl = {http://adsabs.harvard.edu/abs/1995ApJ...455L...9M},
  adsnote = {Provided by the SAO/NASA Astrophysics Data System}
}

@ARTICLE{1995ApJ...451..498M,
   author = {{Murray}, N. and {Chiang}, J. and {Grossman}, S.~A. and {Voit}, G.~M.
	},
    title = "{Accretion Disk Winds from Active Galactic Nuclei}",
  journal = {\apj},
 keywords = {ACCRETION, ACCRETION DISKS, GALAXIES: NUCLEI, GALAXIES: QUASARS: ABSORPTION LINES},
     year = 1995,
    month = oct,
   volume = 451,
    pages = {498},
      doi = {10.1086/176238},
   adsurl = {http://adsabs.harvard.edu/abs/1995ApJ...451..498M},
  adsnote = {Provided by the SAO/NASA Astrophysics Data System}
}

@ARTICLE{cohen1995,
   author = {{Cohen}, M.~H. and {Ogle}, P.~M. and {Tran}, H.~D. and {Vermeulen}, R.~C. and 
	{Miller}, J.~S. and {Goodrich}, R.~W. and {Martel}, A.~R.},
    title = "{Spectropolarimetry of Two Broad Absorption Line Quasars with the W. M. Keck Telescope}",
  journal = {\apjl},
 keywords = {GALAXIES: QUASARS: ABSORPTION LINES, GALAXIES: QUASARS: EMISSION LINES, GALAXIES: QUASARS: INDIVIDUAL ALPHANUMERIC: PHL 5200, POLARIZATION},
     year = 1995,
    month = aug,
   volume = 448,
    pages = {L77},
      doi = {10.1086/309602},
   adsurl = {http://adsabs.harvard.edu/abs/1995ApJ...448L..77C},
  adsnote = {Provided by the SAO/NASA Astrophysics Data System}
}

@ARTICLE{goodrich1995,
   author = {{Goodrich}, R.~W. and {Miller}, J.~S.},
    title = "{Polarization Clues to the Structure of Broad Absorption Line Quasi-stellar Objects}",
  journal = {\apjl},
 keywords = {POLARIZATION, GALAXIES: QUASARS: ABSORPTION LINES, GALAXIES: QUASARS: GENERAL, GALAXIES: QUASARS: INDIVIDUAL ALPHANUMERIC: PHL 5200},
     year = 1995,
    month = aug,
   volume = 448,
    pages = {L73},
      doi = {10.1086/309600},
   adsurl = {http://adsabs.harvard.edu/abs/1995ApJ...448L..73G},
  adsnote = {Provided by the SAO/NASA Astrophysics Data System}
}

@ARTICLE{1995A&A...296....1C,
   author = {{Comastri}, A. and {Setti}, G. and {Zamorani}, G. and {Hasinger}, G.
	},
    title = "{The contribution of AGNs to the X-ray background.}",
  journal = {\aap},
   eprint = {astro-ph/9409067},
 keywords = {X-RAYS: GENERAL, X-RAYS: GALAXIES, COSMOLOGY: DIFFUSE RADIATION, GALAXIES:NUCLEI, QUASARS:GENERAL},
     year = 1995,
    month = apr,
   volume = 296,
    pages = {1},
   adsurl = {http://adsabs.harvard.edu/abs/1995A%26A...296....1C},
  adsnote = {Provided by the SAO/NASA Astrophysics Data System}
}

@ARTICLE{1994MNRAS.270L..17M,
   author = {{Madau}, P. and {Ghisellini}, G. and {Fabian}, A.~C.},
    title = "{The Unified Seyfert Scheme and the Origin of the Cosmic X-Ray Background}",
  journal = {\mnras},
     year = 1994,
    month = sep,
   volume = 270,
    pages = {L17},
   adsurl = {http://adsabs.harvard.edu/abs/1994MNRAS.270L..17M},
  adsnote = {Provided by the SAO/NASA Astrophysics Data System}
}

@ARTICLE{1993ApJ...418...11H,
   author = {{Hamann}, F. and {Ferland}, G.},
    title = "{The Chemical Evolution of QSOs and the Implications for Cosmology and Galaxy Formation}",
  journal = {\apj},
 keywords = {COSMOLOGY: THEORY, GALAXIES: ABUNDANCES, GALAXIES: EVOLUTION, LINE: FORMATION, GALAXIES: QUASARS: GENERAL},
     year = 1993,
    month = nov,
   volume = 418,
    pages = {11},
      doi = {10.1086/173366},
   adsurl = {http://adsabs.harvard.edu/abs/1993ApJ...418...11H},
  adsnote = {Provided by the SAO/NASA Astrophysics Data System}
}

@ARTICLE{1993ApJ...415..563W,
   author = {{Wills}, B.~J. and {Brotherton}, M.~S. and {Fang}, D. and {Steidel}, C.~C. and 
	{Sargent}, W.~L.~W.},
    title = "{Statistics of QSO Broad Emission-Line Profiles. I. The C IV lambda 1549 Line and the lambda 1400 Feature}",
  journal = {\apj},
 keywords = {GALAXIES: QUASARS: GENERAL, LINE: PROFILES, RADIO CONTINUUM: GALAXIES, ULTRAVIOLET: GALAXIES},
     year = 1993,
    month = oct,
   volume = 415,
    pages = {563},
      doi = {10.1086/173186},
   adsurl = {http://adsabs.harvard.edu/abs/1993ApJ...415..563W},
  adsnote = {Provided by the SAO/NASA Astrophysics Data System}
}

@ARTICLE{1993ApJ...415..541H,
   author = {{Hamann}, F. and {Korista}, K.~T. and {Morris}, S.~L.},
    title = "{On the Geometry, Covering Factor, and Scattering-Emission Properties of QSO Broad Absorption-Line Regions}",
  journal = {\apj},
 keywords = {GALAXIES: QUASARS: ABSORPTION LINES, RADIATIVE TRANSFER},
     year = 1993,
    month = oct,
   volume = 415,
    pages = {541},
      doi = {10.1086/173185},
   adsurl = {http://adsabs.harvard.edu/abs/1993ApJ...415..541H},
  adsnote = {Provided by the SAO/NASA Astrophysics Data System}
}

@ARTICLE{1992ApJ...398..476F,
   author = {{Francis}, P.~J. and {Hewett}, P.~C. and {Foltz}, C.~B. and 
	{Chaffee}, F.~H.},
    title = "{An objective classification scheme for QSO spectra}",
  journal = {\apj},
 keywords = {Astronomical Spectroscopy, Classifying, Quasars, Absorption Spectra, Emission Spectra, Spectral Line Width, Ultraviolet Spectra, Visible Spectrum},
     year = 1992,
    month = oct,
   volume = 398,
    pages = {476-490},
      doi = {10.1086/171870},
   adsurl = {http://adsabs.harvard.edu/abs/1992ApJ...398..476F},
  adsnote = {Provided by the SAO/NASA Astrophysics Data System}
}

@ARTICLE{1992ApJ...391L..53H,
   author = {{Hamann}, F. and {Ferland}, G.},
    title = "{The age and chemical evolution of high-redshift QSOs}",
  journal = {\apjl},
 keywords = {Chemical Evolution, Galactic Evolution, Interstellar Chemistry, Quasars, Abundance, Astronomical Models, Astronomical Spectroscopy, Carbon, Nitrogen, Red Shift},
     year = 1992,
    month = jun,
   volume = 391,
    pages = {L53-L57},
      doi = {10.1086/186397},
   adsurl = {http://adsabs.harvard.edu/abs/1992ApJ...391L..53H},
  adsnote = {Provided by the SAO/NASA Astrophysics Data System}
}

@ARTICLE{1991ApJ...373...23W,
   author = {{Weymann}, R.~J. and {Morris}, S.~L. and {Foltz}, C.~B. and 
	{Hewett}, P.~C.},
    title = "{Comparisons of the emission-line and continuum properties of broad absorption line and normal quasi-stellar objects}",
  journal = {\apj},
 keywords = {Continuous Radiation, Emission Spectra, Line Spectra, Quasars, Stellar Spectra, Data Reduction, Spectral Line Width, Spectrum Analysis, Statistical Analysis, quasars},
     year = 1991,
    month = may,
   volume = 373,
    pages = {23-53},
      doi = {10.1086/170020},
   adsurl = {http://adsabs.harvard.edu/abs/1991ApJ...373...23W},
  adsnote = {Provided by the SAO/NASA Astrophysics Data System}
}

@ARTICLE{1990ARA&A..28..437H,
   author = {{Hartwick}, F.~D.~A. and {Schade}, D.},
    title = "{The space distribution of quasars}",
  journal = {\araa},
 keywords = {Galactic Clusters, Quasars, Sky Surveys (Astronomy), Spatial Distribution, Astronomical Spectroscopy, Black Holes (Astronomy), Charge Coupled Devices, Gravitational Lenses, Interacting Galaxies},
     year = 1990,
   volume = 28,
    pages = {437-489},
      doi = {10.1146/annurev.aa.28.090190.002253},
   adsurl = {http://adsabs.harvard.edu/abs/1990ARA%26A..28..437H},
  adsnote = {Provided by the SAO/NASA Astrophysics Data System}
}

@ARTICLE{1989ApJ...346...68S,
   author = {{Sun}, W.-H. and {Malkan}, M.~A.},
    title = "{Fitting improved accretion disk models to the multiwavelength continua of quasars and active galactic nuclei}",
  journal = {\apj},
 keywords = {Accretion Disks, Active Galactic Nuclei, Astronomical Spectroscopy, Black Holes (Astronomy), Quasars, Gravitational Effects, Optical Thickness, Red Shift, Schwarzschild Metric, Seyfert Galaxies, X Ray Spectra},
     year = 1989,
    month = nov,
   volume = 346,
    pages = {68-100},
      doi = {10.1086/167986},
   adsurl = {http://adsabs.harvard.edu/abs/1989ApJ...346...68S},
  adsnote = {Provided by the SAO/NASA Astrophysics Data System}
}

@ARTICLE{1989MNRAS.238..897L,
   author = {{Laor}, A. and {Netzer}, H.},
    title = "{Massive thin accretion discs. I - Calculated spectra}",
  journal = {\mnras},
 keywords = {Accretion Disks, Active Galactic Nuclei, Astronomical Spectroscopy, Computational Astrophysics, Eddington Approximation, Electron Scattering, Optical Thickness, Radiation Pressure, Radiative Transfer, Surface Temperature},
     year = 1989,
    month = jun,
   volume = 238,
    pages = {897-916},
   adsurl = {http://adsabs.harvard.edu/abs/1989MNRAS.238..897L},
  adsnote = {Provided by the SAO/NASA Astrophysics Data System}
}

@ARTICLE{1989ApJ...338..630B,
   author = {{Baldwin}, J.~A. and {Wampler}, E.~J. and {Gaskell}, C.~M.},
    title = "{Emission-line properties of optically and radio-selected complete quasar samples}",
  journal = {\apj},
 keywords = {Emission Spectra, Quasars, Stellar Spectrophotometry, Luminosity, Radio Spectra, Red Shift},
     year = 1989,
    month = mar,
   volume = 338,
    pages = {630-653},
      doi = {10.1086/167224},
   adsurl = {http://adsabs.harvard.edu/abs/1989ApJ...338..630B},
  adsnote = {Provided by the SAO/NASA Astrophysics Data System}
}

@INPROCEEDINGS{1988qal..conf...17T,
   author = {{Turnshek}, D.~A.},
    title = "{BAL QSOs: Observations, Models and Implications for Narrow Absorption Line Systems}",
booktitle = {QSO Absorption Lines: Probing the Universe},
     year = 1988,
   editor = {{Blades}, J.~C. and {Turnshek}, D.~A. and {Norman}, C.~A.},
    pages = {17},
   adsurl = {http://adsabs.harvard.edu/abs/1988qal..conf...17T},
  adsnote = {Provided by the SAO/NASA Astrophysics Data System}
}

@ARTICLE{1987A&A...177...42S,
   author = {{Surdej}, J. and {Hutsemekers}, D.},
    title = "{Geometry of the mass-outflows around broad absorption line QSOs and formation of the complex Ly-alpha + N V line profile}",
  journal = {\aap},
 keywords = {Absorption Spectra, Lyman Alpha Radiation, Quasars, Stellar Mass Ejection, Emission Spectra, Line Spectra, Nitrogen},
     year = 1987,
    month = may,
   volume = 177,
    pages = {42-50},
   adsurl = {http://adsabs.harvard.edu/abs/1987A%26A...177...42S},
  adsnote = {Provided by the SAO/NASA Astrophysics Data System}
}

@BOOK{1978stat.book.....M,
   author = {{Mihalas}, D.},
    title = "{Stellar atmospheres /2nd edition/}",
 keywords = {Absorption Cross Sections, Atmospheric Models, Gray Gas, Radiative Transfer, Stellar Atmospheres, Stellar Spectra, Stellar Winds, Absorption Spectra, Atmospheric Physics, Equilibrium Equations, Line Spectra, Radiation Distribution, Stellar Radiation, Thermodynamic Equilibrium},
booktitle = {San Francisco, W.~H.~Freeman and Co., 1978.~650 p.},
     year = 1978,
   adsurl = {http://adsabs.harvard.edu/abs/1978stat.book.....M},
  adsnote = {Provided by the SAO/NASA Astrophysics Data System}
}

