
@INPROCEEDINGS{2002ASPC..261..337F,
   author = {{Froning}, C.~S. and {Long}, K.~S. and {Drew}, J.~E. and {Knigge}, C. and 
	{Proga}, D. and {Mattei}, J.~A.},
    title = "{The evolution of disks and winds in dwarf novae outbursts}",
booktitle = {The Physics of Cataclysmic Variables and Related Objects},
     year = 2002,
   series = {Astronomical Society of the Pacific Conference Series},
   volume = 261,
   eprint = {astro-ph/0109486},
   editor = {{G{\"a}nsicke}, B.~T. and {Beuermann}, K. and {Reinsch}, K.},
    month = jan,
    pages = {337},
   adsurl = {http://adsabs.harvard.edu/abs/2002ASPC..261..337F},
  adsnote = {Provided by the SAO/NASA Astrophysics Data System}
}

@ARTICLE{2001MNRAS.328...71B,
   author = {{Baskill}, D.~S. and {Wheatley}, P.~J. and {Osborne}, J.~P.},
    title = "{ASCA X-ray observations of the disc wind in the dwarf nova Z Camelopardalis}",
  journal = {\mnras},
   eprint = {astro-ph/0108017},
 keywords = {STARS: DWARF NOVAE, STARS: INDIVIDUAL: Z CAMELOPARDALIS, X-RAYS: STARS},
     year = 2001,
    month = nov,
   volume = 328,
    pages = {71-78},
      doi = {10.1046/j.1365-8711.2001.04880.x},
   adsurl = {http://adsabs.harvard.edu/abs/2001MNRAS.328...71B},
  adsnote = {Provided by the SAO/NASA Astrophysics Data System}
}

@INPROCEEDINGS{2000RMxAC...9..153F,
   author = {{Ferland}, G.~J.},
    title = "{Cloudy 94 and Applications to Quasar Emission Line Regions}",
booktitle = {Revista Mexicana de Astronomia y Astrofisica Conference Series},
     year = 2000,
   series = {Revista Mexicana de Astronomia y Astrofisica, vol. 27},
   volume = 9,
   editor = {{Arthur}, S.~J. and {Brickhouse}, N.~S. and {Franco}, J.},
    month = may,
    pages = {153-157},
   adsurl = {http://adsabs.harvard.edu/abs/2000RMxAC...9..153F},
  adsnote = {Provided by the SAO/NASA Astrophysics Data System}
}

@ARTICLE{2000NewAR..44...21D,
   author = {{Drew}, J.~E. and {Proga}, D.},
    title = "{Radiation-driven accretion disk winds}",
  journal = {\nar},
     year = 2000,
    month = apr,
   volume = 44,
    pages = {21-26},
      doi = {10.1016/S1387-6473(00)00007-5},
   adsurl = {http://adsabs.harvard.edu/abs/2000NewAR..44...21D},
  adsnote = {Provided by the SAO/NASA Astrophysics Data System}
}

@ARTICLE{1999A&A...345..211L,
   author = {{Lucy}, L.~B.},
    title = "{Improved Monte Carlo techniques for the spectral synthesis of supernovae}",
  journal = {\aap},
 keywords = {RADIATIVE TRANSFER, METHODS: NUMERICAL, STARS: ATMOSPHERES, STARS: SUPERNOVAE: GENERAL},
     year = 1999,
    month = may,
   volume = 345,
    pages = {211-220},
   adsurl = {http://adsabs.harvard.edu/abs/1999A%26A...345..211L},
  adsnote = {Provided by the SAO/NASA Astrophysics Data System}
}

@ARTICLE{1999A&A...344..282L,
   author = {{Lucy}, L.~B.},
    title = "{Computing radiative equilibria with Monte Carlo techniques}",
  journal = {\aap},
 keywords = {RADIATIVE TRANSFER, METHODS: NUMERICAL, STARS: ATMOSPHERES},
     year = 1999,
    month = apr,
   volume = 344,
    pages = {282-288},
   adsurl = {http://adsabs.harvard.edu/abs/1999A%26A...344..282L},
  adsnote = {Provided by the SAO/NASA Astrophysics Data System}
}

@ARTICLE{1998ApJ...499..414K,
   author = {{Knigge}, C. and {Long}, K.~S. and {Wade}, R.~A. and {Baptista}, R. and 
	{Horne}, K. and {Hubeny}, I. and {Rutten}, R.~G.~M.},
    title = "{Hubble Space Telescope Eclipse Observations of the Nova-like Cataclysmic Variable UX Ursae Majoris}",
  journal = {\apj},
   eprint = {astro-ph/9801206},
 keywords = {ACCRETION, ACCRETION DISKS, STARS: BINARIES: CLOSE, STARS: NOVAE, CATACLYSMIC VARIABLES, STARS: INDIVIDUAL CONSTELLATION NAME: UX URSAE MAJORIS, ULTRAVIOLET: STARS, Accretion, Accretion Disks, Stars: Binaries: Close, Stars: Novae, Cataclysmic Variables, Stars: Individual: Constellation Name: UX Ursae Majoris, Ultraviolet: Stars},
     year = 1998,
    month = may,
   volume = 499,
    pages = {414-428},
      doi = {10.1086/305617},
   adsurl = {http://adsabs.harvard.edu/abs/1998ApJ...499..414K},
  adsnote = {Provided by the SAO/NASA Astrophysics Data System}
}

@ARTICLE{1998AJ....115..286R,
   author = {{Ringwald}, F.~A. and {Naylor}, T.},
    title = "{High-speed optical spectroscopy of a cataclysmic variable wind - BZ Camelopardalis}",
  journal = {\aj},
   eprint = {astro-ph/9710021},
 keywords = {Cataclysmic Variables, Accretion Disks, Stellar Mass Ejection, Early Stars, Astronomical Spectroscopy, Emission Spectra, Stellar Winds},
     year = 1998,
    month = jan,
   volume = 115,
    pages = {286},
      doi = {10.1086/300192},
   adsurl = {http://adsabs.harvard.edu/abs/1998AJ....115..286R},
  adsnote = {Provided by the SAO/NASA Astrophysics Data System}
}

@ARTICLE{1997ApJ...486..445K,
   author = {{Knigge}, C. and {Drew}, J.~E.},
    title = "{Eclipse Mapping of the Accretion Disk Wind in the Cataclysmic Variable UX Ursae Majoris}",
  journal = {\apj},
 keywords = {Accretion, Accretion Disks, Stars: Binaries: Eclipsing, Stars: Novae, Cataclysmic Variables, Stars: Individual: Constellation Name: UX Ursae Majoris, Stars: Mass Loss, Ultraviolet: Stars},
     year = 1997,
    month = sep,
   volume = 486,
    pages = {445-456},
   adsurl = {http://adsabs.harvard.edu/abs/1997ApJ...486..445K},
  adsnote = {Provided by the SAO/NASA Astrophysics Data System}
}

@ARTICLE{1997ApJ...476..291K,
   author = {{Knigge}, C. and {Long}, K.~S. and {Blair}, W.~P. and {Wade}, R.~A.
	},
    title = "{Disks, Winds, and Veiling Curtains: Dissecting the Ultraviolet Spectrum of the Dwarf Nova Z Camelopardalis in Outburst}",
  journal = {\apj},
 keywords = {Accretion, Accretion Disks, Stars: Binaries: Close, Stars: Novae, Cataclysmic Variables, Stars: Individual: Constellation Name: Z Camelopardalis, Stars: Mass Loss, Ultraviolet: Stars},
     year = 1997,
    month = feb,
   volume = 476,
    pages = {291-310},
   adsurl = {http://adsabs.harvard.edu/abs/1997ApJ...476..291K},
  adsnote = {Provided by the SAO/NASA Astrophysics Data System}
}

@ARTICLE{1996ApJ...469..841L,
   author = {{Long}, K.~S. and {Mauche}, C.~W. and {Raymond}, J.~C. and {Szkody}, P. and 
	{Mattei}, J.~A.},
    title = "{EUVE Observations of U Geminorum in Outburst}",
  journal = {\apj},
 keywords = {STARS: BINARIES: ECLIPSING, STARS: NOVAE, CATACLYSMIC VARIABLES, STARS: INDIVIDUAL CONSTELLATION NAME: U GEMINORUM, ULTRAVIOLET: STARS},
     year = 1996,
    month = oct,
   volume = 469,
    pages = {841},
      doi = {10.1086/177832},
   adsurl = {http://adsabs.harvard.edu/abs/1996ApJ...469..841L},
  adsnote = {Provided by the SAO/NASA Astrophysics Data System}
}

@ARTICLE{1996Natur.382..789M,
   author = {{Murray}, N. and {Chiang}, J.},
    title = "{Wind-dominated optical line emission from accretion disks around luminous cataclysmic variable stars}",
  journal = {\nat},
     year = 1996,
    month = aug,
   volume = 382,
    pages = {789-791},
      doi = {10.1038/382789a0},
   adsurl = {http://adsabs.harvard.edu/abs/1996Natur.382..789M},
  adsnote = {Provided by the SAO/NASA Astrophysics Data System}
}

@ARTICLE{1996ApJ...465..487V,
   author = {{Verner}, D.~A. and {Ferland}, G.~J. and {Korista}, K.~T. and 
	{Yakovlev}, D.~G.},
    title = "{Atomic Data for Astrophysics. II. New Analytic FITS for Photoionization Cross Sections of Atoms and Ions}",
  journal = {\apj},
   eprint = {astro-ph/9601009},
 keywords = {ATOMIC DATA, ATOMIC PROCESSES},
     year = 1996,
    month = jul,
   volume = 465,
    pages = {487},
      doi = {10.1086/177435},
   adsurl = {http://adsabs.harvard.edu/abs/1996ApJ...465..487V},
  adsnote = {Provided by the SAO/NASA Astrophysics Data System}
}

@ARTICLE{1996ADNDT..64....1V,
   author = {{Verner}, D.~A. and {Verner}, E.~M. and {Ferland}, G.~J.},
    title = "{Atomic Data for Permitted Resonance Lines of Atoms and Ions from H to Si, and S, Ar, Ca, and Fe}",
  journal = {Atomic Data and Nuclear Data Tables},
     year = 1996,
   volume = 64,
    pages = {1},
      doi = {10.1006/adnd.1996.0018},
   adsurl = {http://adsabs.harvard.edu/abs/1996ADNDT..64....1V},
  adsnote = {Provided by the SAO/NASA Astrophysics Data System}
}

@ARTICLE{1995MNRAS.277..777D,
   author = {{Dhillon}, V.~S. and {Rutten}, R.~G.~M.},
    title = "{Spectropolarimetry of the nova-like variable V 1315 Aquilae}",
  journal = {\mnras},
   eprint = {astro-ph/9506111},
 keywords = {ACCRETION, ACCRETION DISCS, POLARIZATION, BINARIES: ECLIPSING, BINARIES: SPECTROSCOPIC, STARS: INDIVIDUAL: V1315 AQL, NOVAE, CATACLYSMIC VARIABLES},
     year = 1995,
    month = dec,
   volume = 277,
    pages = {777-780},
      doi = {10.1093/mnras/277.3.777},
   adsurl = {http://adsabs.harvard.edu/abs/1995MNRAS.277..777D},
  adsnote = {Provided by the SAO/NASA Astrophysics Data System}
}

@ARTICLE{1995MNRAS.273..225K,
   author = {{Knigge}, C. and {Woods}, J.~A. and {Drew}, J.~E.},
    title = "{The application of Monte Carlo methods to the synthesis of spectral line profiles arising from accretion disc winds}",
  journal = {\mnras},
 keywords = {ACCRETION, ACCRETION DISCS, LINE: FORMATION, LINE: PROFILES, RADIATIVE TRANSFER, STARS: MASS-LOSS, NOVAE, CATACLYSMIC VARIABLES},
     year = 1995,
    month = mar,
   volume = 273,
    pages = {225-248},
      doi = {10.1093/mnras/273.2.225},
   adsurl = {http://adsabs.harvard.edu/abs/1995MNRAS.273..225K},
  adsnote = {Provided by the SAO/NASA Astrophysics Data System}
}

@BOOK{1995all..book.....K,
   author = {{Kurucz}, R.~L. and {Bell}, B.},
    title = "{Atomic line list}",
booktitle = {Kurucz CD-ROM, Cambridge, MA: Smithsonian Astrophysical Observatory, |c1995, April 15, 1995},
     year = 1995,
   adsurl = {http://adsabs.harvard.edu/abs/1995all..book.....K},
  adsnote = {Provided by the SAO/NASA Astrophysics Data System}
}

@ARTICLE{1994A&AS..108..287V,
   author = {{Verner}, D.~A. and {Barthel}, P.~D. and {Tytler}, D.},
    title = "{Atomic data for absorption lines from the ground level at wavelengths greater than 228A.}",
  journal = {\aaps},
 keywords = {ATOMIC DATA, QUASARS: ABSORPTION LINES, ULTRAVIOLET: GENERAL},
     year = 1994,
    month = dec,
   volume = 108,
   adsurl = {http://adsabs.harvard.edu/abs/1994A%26AS..108..287V},
  adsnote = {Provided by the SAO/NASA Astrophysics Data System}
}

@ARTICLE{1994ApJ...426..704L,
   author = {{Long}, K.~S. and {Wade}, R.~A. and {Blair}, W.~P. and {Davidsen}, A.~F. and 
	{Hubeny}, I.},
    title = "{Observations of the bright novalike variable IX Velorum with the Hopkins Ultraviolet Telescope}",
  journal = {\apj},
 keywords = {Absorption Spectra, Cataclysmic Variables, Spectrum Analysis, Stellar Spectra, Astro Missions (Sts), Astronomical Models, Lyman Alpha Radiation, Lyman Beta Radiation, Stellar Atmospheres, Stellar Winds, Ultraviolet Astronomy, Ultraviolet Telescopes, White Dwarf Stars},
     year = 1994,
    month = may,
   volume = 426,
    pages = {704-715},
      doi = {10.1086/174107},
   adsurl = {http://adsabs.harvard.edu/abs/1994ApJ...426..704L},
  adsnote = {Provided by the SAO/NASA Astrophysics Data System}
}

@ARTICLE{1993A&A...279..447M,
   author = {{Mazzali}, P.~A. and {Lucy}, L.~B.},
    title = "{The application of Monte Carlo methods to the synthesis of early-time supernovae spectra}",
  journal = {\aap},
 keywords = {Monte Carlo Method, Radiative Transfer, Stellar Envelopes, Stellar Models, Stellar Spectra, Supernovae, Computerized Simulation, Line Spectra, Mathematical Models, Photoionization, Photosphere, Stellar Luminosity},
     year = 1993,
    month = nov,
   volume = 279,
    pages = {447-456},
   adsurl = {http://adsabs.harvard.edu/abs/1993A%26A...279..447M},
  adsnote = {Provided by the SAO/NASA Astrophysics Data System}
}

@ARTICLE{1993A&A...275L...5C,
   author = {{Cunto}, W. and {Mendoza}, C. and {Ochsenbein}, F. and {Zeippen}, C.~J.
	},
    title = "{Topbase at the CDS}",
  journal = {\aap},
 keywords = {Atomic data},
     year = 1993,
    month = aug,
   volume = 275,
    pages = {L5},
   adsurl = {http://adsabs.harvard.edu/abs/1993A%26A...275L...5C},
  adsnote = {Provided by the SAO/NASA Astrophysics Data System}
}

@ARTICLE{1993ApJ...410..815V,
   author = {{Vitello}, P. and {Shlosman}, I.},
    title = "{Ultraviolet line diagnostics of accretion disk winds in cataclysmic variables}",
  journal = {\apj},
 keywords = {Accretion Disks, Cataclysmic Variables, Stellar Winds, Ultraviolet Spectra, Iue, Line Spectra, Photoionization, Stellar Models, Stellar Rotation, White Dwarf Stars},
     year = 1993,
    month = jun,
   volume = 410,
    pages = {815-828},
      doi = {10.1086/172799},
   adsurl = {http://adsabs.harvard.edu/abs/1993ApJ...410..815V},
  adsnote = {Provided by the SAO/NASA Astrophysics Data System}
}

@ARTICLE{1993ApJ...409..372S,
   author = {{Shlosman}, I. and {Vitello}, P.},
    title = "{Winds from accretion disks - Ultraviolet line formation in cataclysmic variables}",
  journal = {\apj},
 keywords = {Accretion Disks, Cataclysmic Variables, Emission Spectra, Stellar Mass Ejection, Stellar Winds, Ultraviolet Radiation, Angular Momentum, Iue, Line Spectra},
     year = 1993,
    month = may,
   volume = 409,
    pages = {372-386},
      doi = {10.1086/172670},
   adsurl = {http://adsabs.harvard.edu/abs/1993ApJ...409..372S},
  adsnote = {Provided by the SAO/NASA Astrophysics Data System}
}

@INPROCEEDINGS{1993ASPC...44...87K,
   author = {{Kurucz}, R.~L.},
    title = "{A New Opacity-Sampling Model Atmosphere Program for Arbitrary Abundances}",
booktitle = {IAU Colloq. 138: Peculiar versus Normal Phenomena in A-type and Related Stars},
     year = 1993,
   series = {Astronomical Society of the Pacific Conference Series},
   volume = 44,
   editor = {{Dworetsky}, M.~M. and {Castelli}, F. and {Faraggiana}, R.},
    month = jan,
    pages = {87},
   adsurl = {http://adsabs.harvard.edu/abs/1993ASPC...44...87K},
  adsnote = {Provided by the SAO/NASA Astrophysics Data System}
}

@ARTICLE{1991A&A...251..680P,
   author = {{Pequignot}, D. and {Petitjean}, P. and {Boisson}, C.},
    title = "{Total and effective radiative recombination coefficients}",
  journal = {\aap},
 keywords = {Hydrogen, Interstellar Gas, Ionized Gases, Radiative Recombination, Recombination Coefficient, Ultraviolet Spectra, Carbon, Cold Plasmas, Forbidden Bands, Nitrogen, Oxygen, Planetary Nebulae},
     year = 1991,
    month = nov,
   volume = 251,
    pages = {680-688},
   adsurl = {http://adsabs.harvard.edu/abs/1991A%26A...251..680P},
  adsnote = {Provided by the SAO/NASA Astrophysics Data System}
}

@PHDTHESIS{woods1991,
   author = {{Woods}, J.~A.},
   school = {D.~Phil thesis, Univ.~Oxford  , (1991)},
     year = 1991,
   adsurl = {http://adsabs.harvard.edu/abs/1991PhDT.......242W},
  adsnote = {Provided by the SAO/NASA Astrophysics Data System}
}

@ARTICLE{1988CoPhC..52..103H,
   author = {{Hubeny}, I.},
    title = "{A computer program for calculating non-LTE model stellar atmospheres}",
  journal = {Computer Physics Communications},
     year = 1988,
    month = dec,
   volume = 52,
    pages = {103-132},
      doi = {10.1016/0010-4655(88)90177-4},
   adsurl = {http://adsabs.harvard.edu/abs/1988CoPhC..52..103H},
  adsnote = {Provided by the SAO/NASA Astrophysics Data System}
}

@ARTICLE{1988ApJ...335..394W,
   author = {{Wade}, R.~A.},
    title = "{A test of synthetic accretion disk spectra using ultraviolet flux distributions of novalike variables}",
  journal = {\apj},
 keywords = {Accretion Disks, Blue Stars, Cataclysmic Variables, Novae, Stellar Spectrophotometry, Ultraviolet Radiation, Astronomical Models, Optical Thickness, Radiant Flux Density, Spectral Energy Distribution, Stellar Atmospheres, Stellar Color},
     year = 1988,
    month = dec,
   volume = 335,
    pages = {394-405},
      doi = {10.1086/166934},
   adsurl = {http://adsabs.harvard.edu/abs/1988ApJ...335..394W},
  adsnote = {Provided by the SAO/NASA Astrophysics Data System}
}

@ARTICLE{1988ApJ...327..680V,
   author = {{Vitello}, P.~A.~J. and {Shlosman}, I.},
    title = "{Line-driven winds from accretion disks. I - Effects of the ionization structure}",
  journal = {\apj},
 keywords = {Accretion Disks, Black Holes (Astronomy), Galactic Nuclei, Ionization Cross Sections, Stellar Luminosity, Stellar Winds, Active Galaxies, Cataclysmic Variables, Computational Astrophysics, Early Stars, Hot Stars},
     year = 1988,
    month = apr,
   volume = 327,
    pages = {680-692},
      doi = {10.1086/166225},
   adsurl = {http://adsabs.harvard.edu/abs/1988ApJ...327..680V},
  adsnote = {Provided by the SAO/NASA Astrophysics Data System}
}

@ARTICLE{1988ApJS...66..125M,
   author = {{Martin}, P.~G.},
    title = "{Hydrogenic radiative recombination at low temperature and density}",
  journal = {\apjs},
 keywords = {Emission Spectra, H Ii Regions, Hydrogen Recombinations, Line Spectra, Radiative Recombination, Stellar Radiation, Hydrogen Ions, Nova, Recombination Coefficient},
     year = 1988,
    month = feb,
   volume = 66,
    pages = {125-138},
      doi = {10.1086/191249},
   adsurl = {http://adsabs.harvard.edu/abs/1988ApJS...66..125M},
  adsnote = {Provided by the SAO/NASA Astrophysics Data System}
}

@ARTICLE{1987ApJ...323..690M,
   author = {{Mauche}, C.~W. and {Raymond}, J.~C.},
    title = "{IUE observations of the dwarf nova HL Canis Majoris and the winds of cataclysmic variables}",
  journal = {\apj},
 keywords = {Cataclysmic Variables, Dwarf Stars, Iue, Novae, Stellar Winds, Accretion Disks, Light Curve, Line Spectra, Tables (Data), Ultraviolet Radiation},
     year = 1987,
    month = dec,
   volume = 323,
    pages = {690-713},
      doi = {10.1086/165865},
   adsurl = {http://adsabs.harvard.edu/abs/1987ApJ...323..690M},
  adsnote = {Provided by the SAO/NASA Astrophysics Data System}
}

@ARTICLE{1987MNRAS.224..595D,
   author = {{Drew}, J.~E.},
    title = "{Inclination and orbital-phase-dependent resonance line-profile calculations applied to cataclysmic variable winds}",
  journal = {\mnras},
 keywords = {Cataclysmic Variables, Orbital Resonances (Celestial Mechanics), Resonance Lines, Stellar Orbits, Stellar Spectra, Stellar Winds, Ultraviolet Spectra, Accretion Disks, Dwarf Novae, Eclipsing Binary Stars, Inclination, Light Curve, Stellar Mass Ejection},
     year = 1987,
    month = feb,
   volume = 224,
    pages = {595-632},
      doi = {10.1093/mnras/224.3.595},
   adsurl = {http://adsabs.harvard.edu/abs/1987MNRAS.224..595D},
  adsnote = {Provided by the SAO/NASA Astrophysics Data System}
}

@ARTICLE{1986ApJ...302..388H,
   author = {{Honeycutt}, R.~K. and {Schlegel}, E.~M. and {Kaitchuck}, R.~H.
	},
    title = "{Evidence for a bipolar wind in the cataclysmic variable PG 1012-029}",
  journal = {\apj},
 keywords = {Accretion Disks, Cataclysmic Variables, Dwarf Novae, Eclipsing Binary Stars, Stellar Spectrophotometry, Stellar Winds, Continuous Spectra, Emission Spectra, Light Curve, Line Spectra, Radial Velocity, Stellar Models, Stellar Rotation},
     year = 1986,
    month = mar,
   volume = 302,
    pages = {388-402},
      doi = {10.1086/163997},
   adsurl = {http://adsabs.harvard.edu/abs/1986ApJ...302..388H},
  adsnote = {Provided by the SAO/NASA Astrophysics Data System}
}

@BOOK{1985apa..book.....F,
   author = {{Frank}, J. and {King}, A.~R. and {Raine}, D.~J.},
    title = "{Accretion power in astrophysics}",
 keywords = {Accretion Disks, Astrophysics, Binary Stars, Galactic Nuclei, Stellar Mass Accretion, Astronomical Models, Black Holes (Astronomy), Emission Spectra, Gas Dynamics, Line Spectra, Neutron Stars, Plasma Physics, Quasars, Space Plasmas, White Dwarf Stars, X Ray Sources},
booktitle = {Cambridge and New York, Cambridge University Press, 1985, 283 p.},
     year = 1985,
   adsurl = {http://adsabs.harvard.edu/abs/1985apa..book.....F},
  adsnote = {Provided by the SAO/NASA Astrophysics Data System}
}

@ARTICLE{1984MNRAS.208..381W,
   author = {{Wade}, R.~A.},
    title = "{A double grid of accretion disc model spectra for cataclysmic variable stars}",
  journal = {\mnras},
 keywords = {Accretion Disks, Binary Stars, Stellar Models, Stellar Spectra, Variable Stars, Atmospheric Models, Grids, Late Stars, Radiation Sources, Ultraviolet Astronomy, White Dwarf Stars},
     year = 1984,
    month = may,
   volume = 208,
    pages = {381-398},
      doi = {10.1093/mnras/208.2.381},
   adsurl = {http://adsabs.harvard.edu/abs/1984MNRAS.208..381W},
  adsnote = {Provided by the SAO/NASA Astrophysics Data System}
}

@ARTICLE{1983ApJ...274..380R,
   author = {{Rybicki}, G.~B. and {Hummer}, D.~G.},
    title = "{The specific luminosity of a three-dimensional medium in terms of the escape probability}",
  journal = {\apj},
 keywords = {Astronomical Photometry, Celestial Sphere, Luminosity, Radiative Transfer, Absorption Spectra, Emission Spectra, Entire Functions, Line Spectra, Radiant Flux Density, Rotating Disks},
     year = 1983,
    month = nov,
   volume = 274,
    pages = {380-398},
      doi = {10.1086/161454},
   adsurl = {http://adsabs.harvard.edu/abs/1983ApJ...274..380R},
  adsnote = {Provided by the SAO/NASA Astrophysics Data System}
}

@ARTICLE{1982ApJ...260..716C,
   author = {{Cordova}, F.~A. and {Mason}, K.~O.},
    title = "{High-velocity winds from a dwarf nova during outburst}",
  journal = {\apj},
 keywords = {Dwarf Novae, Stellar Mass Ejection, Stellar Winds, Ultraviolet Spectra, Variable Stars, Absorption Spectra, Binary Stars, Bursts, Iue, Stellar Luminosity, Stellar Spectra, Wind Velocity},
     year = 1982,
    month = sep,
   volume = 260,
    pages = {716-721},
      doi = {10.1086/160291},
   adsurl = {http://adsabs.harvard.edu/abs/1982ApJ...260..716C},
  adsnote = {Provided by the SAO/NASA Astrophysics Data System}
}

@ARTICLE{1979ApJS...39..513H,
   author = {{Herter}, T. and {Lacasse}, M.~G. and {Wesemael}, F. and {Winget}, D.~E.
	},
    title = "{Theoretical photometric and spectroscopic properties of stellar accretion disks with application to cataclysmic variables}",
  journal = {\apjs},
 keywords = {Binary Stars, Stellar Mass Accretion, Stellar Spectrophotometry, Variable Stars, Balmer Series, Continuous Spectra, Dwarf Stars, H Lines, Novae, Spectral Line Width, Stellar Models},
     year = 1979,
    month = apr,
   volume = 39,
    pages = {513-535},
      doi = {10.1086/190584},
   adsurl = {http://adsabs.harvard.edu/abs/1979ApJS...39..513H},
  adsnote = {Provided by the SAO/NASA Astrophysics Data System}
}

@ARTICLE{1978Natur.275..385H,
   author = {{Heap}, S.~R. and {Boggess}, A. and {Holm}, A. and {Klinglesmith}, D.~A. and 
	{Sparks}, W. and {West}, D. and {Wu}, C.~C. and {Boksenberg}, A. and 
	{Willis}, A. and {Wilson}, R. and {Macchetto}, F. and {Selvelli}, P.~O. and 
	{Stickland}, D. and {Greenstein}, J.~L. and {Hutchings}, J.~B. and 
	{Underhill}, A.~B. and {Viotti}, R. and {Whelan}, J.~A.~J.},
    title = "{IUE observations of hot stars - HZ43, BD +75 deg 325, NGC 6826, SS Cygni, Eta Carinae}",
  journal = {\nat},
 keywords = {Hot Stars, Iue, Novae, Planetary Nebulae, Stellar Spectra, Ultraviolet Astronomy, Absorption Spectra, Data Reduction, Spaceborne Astronomy, Spectral Energy Distribution, Stellar Spectrophotometry, White Dwarf Stars},
     year = 1978,
    month = oct,
   volume = 275,
    pages = {385-388},
      doi = {10.1038/275385a0},
   adsurl = {http://adsabs.harvard.edu/abs/1978Natur.275..385H},
  adsnote = {Provided by the SAO/NASA Astrophysics Data System}
}

@ARTICLE{1978ApJ...219..654R,
   author = {{Rybicki}, G.~B. and {Hummer}, D.~G.},
    title = "{A generalization of the Sobolev method for flows with nonlocal radiative coupling}",
  journal = {\apj},
 keywords = {Atmospheric Circulation, Flow Velocity, Radiative Transfer, Stellar Atmospheres, Coupling, Iteration, Mathematical Models, Monotone Functions, Velocity Distribution},
     year = 1978,
    month = jan,
   volume = 219,
    pages = {654-675},
      doi = {10.1086/155826},
   adsurl = {http://adsabs.harvard.edu/abs/1978ApJ...219..654R},
  adsnote = {Provided by the SAO/NASA Astrophysics Data System}
}

@BOOK{1978stat.book.....M,
   author = {{Mihalas}, D.},
    title = "{Stellar atmospheres /2nd edition/}",
 keywords = {Absorption Cross Sections, Atmospheric Models, Gray Gas, Radiative Transfer, Stellar Atmospheres, Stellar Spectra, Stellar Winds, Absorption Spectra, Atmospheric Physics, Equilibrium Equations, Line Spectra, Radiation Distribution, Stellar Radiation, Thermodynamic Equilibrium},
booktitle = {San Francisco, W.~H.~Freeman and Co., 1978.~650 p.},
     year = 1978,
   adsurl = {http://adsabs.harvard.edu/abs/1978stat.book.....M},
  adsnote = {Provided by the SAO/NASA Astrophysics Data System}
}

