@ARTICLE{ferland2002,
   author = {{Ferland}, G.},
    title = "{Reliability in the Face of Complexity; The Challenge of High-End Scientific Computing}",
  journal = {ArXiv Astrophysics e-prints},
   eprint = {astro-ph/0210161},
 keywords = {Astrophysics},
     year = 2002,
    month = oct,
   adsurl = {http://adsabs.harvard.edu/abs/2002astro.ph.10161F},
  adsnote = {Provided by the SAO/NASA Astrophysics Data System}
}

@ARTICLE{marin2016,
   author = {{Marin}, F.},
    title = "{Are there reliable methods to estimate the nuclear orientation of Seyfert galaxies?}",
  journal = {ArXiv e-prints},
archivePrefix = "arXiv",
   eprint = {1605.02904},
 keywords = {Astrophysics - Astrophysics of Galaxies, Astrophysics - High Energy Astrophysical Phenomena, 85-06, J.2.3, J.2.9},
     year = 2016,
    month = may,
   adsurl = {http://adsabs.harvard.edu/abs/2016arXiv160502904M},
  adsnote = {Provided by the SAO/NASA Astrophysics Data System}
}

@ARTICLE{schmidt1999,
   author = {{Schmidt}, G.~D. and {Hines}, D.~C.},
    title = "{The Polarization of Broad Absorption Line QSOS}",
  journal = {\apj},
 keywords = {POLARIZATION, GALAXIES: QUASARS: ABSORPTION LINES, GALAXIES: QUASARS: EMISSION LINES, GALAXIES: QUASARS: GENERAL, SURVEYS, Polarization, Galaxies: Quasars: Absorption Lines, Galaxies: Quasars: Emission Lines, Galaxies: Quasars: General, Surveys},
     year = 1999,
    month = feb,
   volume = 512,
    pages = {125-135},
      doi = {10.1086/306770},
   adsurl = {http://adsabs.harvard.edu/abs/1999ApJ...512..125S},
  adsnote = {Provided by the SAO/NASA Astrophysics Data System}
}

@ARTICLE{kollatschny2011,
   author = {{Kollatschny}, W. and {Zetzl}, M.},
    title = "{Broad-line active galactic nuclei rotate faster than narrow-line ones}",
  journal = {\nat},
     year = 2011,
    month = feb,
   volume = 470,
    pages = {366-368},
      doi = {10.1038/nature09761},
   adsurl = {http://adsabs.harvard.edu/abs/2011Natur.470..366K},
  adsnote = {Provided by the SAO/NASA Astrophysics Data System}
}

@ARTICLE{wills1986,
   author = {{Wills}, B.~J. and {Browne}, I.~W.~A.},
    title = "{Relativistic beaming and quasar emission lines}",
  journal = {\apj},
 keywords = {Emission Spectra, H Beta Line, Quasars, Radio Sources (Astronomy), Relativistic Effects, Spectral Line Width, Astronomical Models, Radiant Flux Density, Radio Galaxies, Seyfert Galaxies, Visible Spectrum},
     year = 1986,
    month = mar,
   volume = 302,
    pages = {56-63},
      doi = {10.1086/163973},
   adsurl = {http://adsabs.harvard.edu/abs/1986ApJ...302...56W},
  adsnote = {Provided by the SAO/NASA Astrophysics Data System}
}



@ARTICLE{lamy2004,
   author = {{Lamy}, H. and {Hutsem{\'e}kers}, D.},
    title = "{Polarization properties of broad absorption line QSOs:  New statistical clues}",
  journal = {\aap},
   eprint = {astro-ph/0408476},
 keywords = {galaxies: quasars: general, galaxies: quasars: absorption lines, polarization},
     year = 2004,
    month = nov,
   volume = 427,
    pages = {107-123},
      doi = {10.1051/0004-6361:20041066},
   adsurl = {http://adsabs.harvard.edu/abs/2004A%26A...427..107L},
  adsnote = {Provided by the SAO/NASA Astrophysics Data System}
}

@ARTICLE{gallagher1999,
   author = {{Gallagher}, S.~C. and {Brandt}, W.~N. and {Sambruna}, R.~M. and 
  {Mathur}, S. and {Yamasaki}, N.},
    title = "{Exploratory ASCA Observations of Broad Absorption Line Quasi-stellar Objects}",
  journal = {\apj},
   eprint = {astro-ph/9902045},
 keywords = {GALAXIES: ACTIVE, GALAXIES: QUASARS: ABSORPTION LINES, X-RAYS: GALAXIES, Galaxies: Active, Galaxies: Quasars: Absorption Lines, X-Rays: Galaxies},
     year = 1999,
    month = jul,
   volume = 519,
    pages = {549-555},
      doi = {10.1086/307405},
   adsurl = {http://adsabs.harvard.edu/abs/1999ApJ...519..549G},
  adsnote = {Provided by the SAO/NASA Astrophysics Data System}
}


@ARTICLE{krolikkriss2001,
   author = {{Krolik}, J.~H. and {Kriss}, G.~A.},
    title = "{Warm Absorbers in Active Galactic Nuclei: A Multitemperature Wind}",
  journal = {\apj},
 keywords = {Galaxies: Active, Galaxies: Nuclei, Galaxies: Seyfert, Galaxies: Quasars: Absorption Lines, Ultraviolet: Galaxies, X-Rays: Galaxies},
     year = 2001,
    month = nov,
   volume = 561,
    pages = {684-690},
      doi = {10.1086/323442},
   adsurl = {http://adsabs.harvard.edu/abs/2001ApJ...561..684K},
  adsnote = {Provided by the SAO/NASA Astrophysics Data System}
}

@BOOK{ferland2005,
   author = {{Ferland}, G.~J.},
    title = "{Hazy, A Brief Introduction to Cloudy 05.07}",
 keywords = {Emiss lines, Quantitative spectroscopy, Atomic physics, Plasma codes, Cloudy},
booktitle = {University of Kentucky Internal Report, 565 pages},
     year = 2005,
   adsurl = {http://adsabs.harvard.edu/abs/2005hbic.book.....F},
  adsnote = {Provided by the SAO/NASA Astrophysics Data System}
}


@ARTICLE{humphrey2014,
   author = {{Humphrey}, A. and {Binette}, L.},
    title = "{Extreme C II emission in type 2 quasars at z {\tilde} 2.5: a signature of {$\kappa$}-distributed electron energies?}",
  journal = {\mnras},
archivePrefix = "arXiv",
   eprint = {1404.6434},
 keywords = {galaxies: active, galaxies: high-redshift, galaxies: ISM, galaxies: nuclei, quasars: emission lines},
     year = 2014,
    month = jul,
   volume = 442,
    pages = {753-758},
      doi = {10.1093/mnras/stu723},
   adsurl = {http://adsabs.harvard.edu/abs/2014MNRAS.442..753H},
  adsnote = {Provided by the SAO/NASA Astrophysics Data System}
}

@INPROCEEDINGS{spruit1996,
   author = {{Spruit}, H.~C.},
    title = "{Magnetohydrodynamic jets and winds from accretion disks}",
 keywords = {MAGNETIC FIELDS, WINDS, ACCRETION DISKS, JETS, OUTFLOWS},
booktitle = {NATO Advanced Science Institutes (ASI) Series C},
     year = 1996,
   series = {NATO Advanced Science Institutes (ASI) Series C},
   volume = 477,
   editor = {{Wijers}, R.~A.~M.~J. and {Davies}, M.~B. and {Tout}, C.~A.},
    pages = {249-286},
   adsurl = {http://adsabs.harvard.edu/abs/1996ASIC..477..249S},
  adsnote = {Provided by the SAO/NASA Astrophysics Data System}
}

@ARTICLE{gaetz1983,
   author = {{Gaetz}, T.~J. and {Salpeter}, E.~E.},
    title = "{Line radiation from a hot, optically thin plasma - Collision strengths and emissivities}",
  journal = {\apjs},
 keywords = {Collision Rates, Emissivity, High Temperature Plasmas, Line Spectra, Plasma Radiation, Solar Corona, Supernova Remnants, Atomic Collisions, Cosmic Plasma, Electron Transitions, Fine Structure, Optical Thickness, Tables (Data), Temperature Dependence},
     year = 1983,
    month = jun,
   volume = 52,
    pages = {155-168},
      doi = {10.1086/190862},
   adsurl = {http://adsabs.harvard.edu/abs/1983ApJS...52..155G},
  adsnote = {Provided by the SAO/NASA Astrophysics Data System}
}



@ARTICLE{marziani2001,
   author = {{Marziani}, P. and {Sulentic}, J.~W. and {Zwitter}, T. and {Dultzin-Hacyan}, D. and 
  {Calvani}, M.},
    title = "{Searching for the Physical Drivers of the Eigenvector 1 Correlation Space}",
  journal = {\apj},
   eprint = {astro-ph/0105343},
 keywords = {Line: Formation, Line: Profiles, Galaxies: Quasars: Emission Lines, Galaxies: Quasars: General},
     year = 2001,
    month = sep,
   volume = 558,
    pages = {553-560},
      doi = {10.1086/322286},
   adsurl = {http://adsabs.harvard.edu/abs/2001ApJ...558..553M},
  adsnote = {Provided by the SAO/NASA Astrophysics Data System}
}


@INPROCEEDINGS{hubeny2001rt,
   author = {{Hubeny}, I.},
    title = "{From Escape Probabilities to Exact Radiative Transfer}",
booktitle = {Spectroscopic Challenges of Photoionized Plasmas},
     year = 2001,
   series = {Astronomical Society of the Pacific Conference Series},
   volume = 247,
   editor = {{Ferland}, G. and {Savin}, D.~W.},
    pages = {197},
   adsurl = {http://adsabs.harvard.edu/abs/2001ASPC..247..197H},
  adsnote = {Provided by the SAO/NASA Astrophysics Data System}
}


@ARTICLE{gayet1970,
   author = {{Gayet}, R.},
    title = "{On the Average Gaunt Factor for Free-Free Emission}",
  journal = {\aap},
     year = 1970,
    month = dec,
   volume = 9,
    pages = {312},
   adsurl = {http://adsabs.harvard.edu/abs/1970A%26A.....9..312G},
  adsnote = {Provided by the SAO/NASA Astrophysics Data System}
}

@INPROCEEDINGS{rybicki1970,
   author = {{Rybicki}, G.},
    title = "{Theoretical Methods of Treating Line Formation Problems in Steady-State Extended Atmospheres (introductory Paper)}",
booktitle = {IAU Colloq. 2: Spectrum Formation in Stars with Steady-State Extended Atmospheres},
     year = 1970,
   editor = {{Groth}, H.~G. and {Wellmann}, P.},
    pages = {87},
   adsurl = {http://adsabs.harvard.edu/abs/1970sfss.coll...87R},
  adsnote = {Provided by the SAO/NASA Astrophysics Data System}
}


@InProceedings{openmpi,
  author       = {Edgar Gabriel and Graham E. Fagg and George Bosilca
                  and Thara Angskun and Jack J. Dongarra and Jeffrey
                  M. Squyres and Vishal Sahay and Prabhanjan Kambadur
                  and Brian Barrett and Andrew Lumsdaine and Ralph
                  H. Castain and David J. Daniel and Richard L. Graham
                  and Timothy S. Woodall },
  title        = {Open {MPI}: Goals, Concept, and Design of a Next
                  Generation {MPI} Implementation},
  booktitle    = {Proceedings, 11th European PVM/MPI Users' Group
                  Meeting},
  year         = 2004,
  address      = {Budapest, Hungary},
  pages        = {97--104},
  month        = {September}
} 

@ARTICLE{parmar2002,
   author = {{Parmar}, A.~N. and {Oosterbroek}, T. and {Boirin}, L. and {Lumb}, D.
  },
    title = "{Discovery of narrow X-ray absorption features from the dipping low-mass X-ray binary X 1624-490 with XMM-Newton}",
  journal = {\aap},
   eprint = {astro-ph/0202452},
 keywords = {accretion, accretion disks, stars: individual: X1624-490, stars: neutron, X-rays: general},
     year = 2002,
    month = may,
   volume = 386,
    pages = {910-915},
      doi = {10.1051/0004-6361:20020281},
   adsurl = {http://adsabs.harvard.edu/abs/2002A%26A...386..910P},
  adsnote = {Provided by the SAO/NASA Astrophysics Data System}
}


@ARTICLE{kotani2000,
   author = {{Kotani}, T. and {Ebisawa}, K. and {Dotani}, T. and {Inoue}, H. and 
  {Nagase}, F. and {Tanaka}, Y. and {Ueda}, Y.},
    title = "{ASCA Observations of the Absorption Line Features from the Superluminal Jet Source GRS 1915+105}",
  journal = {\apj},
   eprint = {astro-ph/0003237},
 keywords = {Stars: Binaries: Close, Stars: Individual: Alphanumeric: GRS 1915+105, X-Rays: Stars},
     year = 2000,
    month = aug,
   volume = 539,
    pages = {413-423},
      doi = {10.1086/309200},
   adsurl = {http://adsabs.harvard.edu/abs/2000ApJ...539..413K},
  adsnote = {Provided by the SAO/NASA Astrophysics Data System}
}


@ARTICLE{ueda1998,
   author = {{Ueda}, Y. and {Inoue}, H. and {Tanaka}, Y. and {Ebisawa}, K. and 
  {Nagase}, F. and {Kotani}, T. and {Gehrels}, N.},
    title = "{Detection of Absorption-Line Features in the X-Ray Spectra of the Galactic Superluminal Source GRO J1655-40}",
  journal = {\apj},
 keywords = {STARS: INDIVIDUAL ALPHANUMERIC: GRO J1655-40, X-RAYS: STARS, Stars: Individual: Alphanumeric: GRO J1655-40, X-Rays: Stars},
     year = 1998,
    month = jan,
   volume = 492,
    pages = {782-787},
      doi = {10.1086/305063},
   adsurl = {http://adsabs.harvard.edu/abs/1998ApJ...492..782U},
  adsnote = {Provided by the SAO/NASA Astrophysics Data System}
}


@ARTICLE{miller2008xrbwind,
   author = {{Miller}, J.~M. and {Raymond}, J. and {Reynolds}, C.~S. and 
  {Fabian}, A.~C. and {Kallman}, T.~R. and {Homan}, J.},
    title = "{The Accretion Disk Wind in the Black Hole GRO J1655-40}",
  journal = {\apj},
archivePrefix = "arXiv",
   eprint = {0802.2026},
 keywords = {accretion, accretion disks, binaries: spectroscopic: GRO J1655{\ndash}40, black hole physics, relativity},
     year = 2008,
    month = jun,
   volume = 680,
      eid = {1359-1377},
    pages = {1359-1377},
      doi = {10.1086/588521},
   adsurl = {http://adsabs.harvard.edu/abs/2008ApJ...680.1359M},
  adsnote = {Provided by the SAO/NASA Astrophysics Data System}
}


@ARTICLE{klein-nishina,
   author = {{Klein}, O. and {Nishina}, T.},
    title = "{{\"U}ber die Streuung von Strahlung durch freie Elektronen nach der neuen relativistischen Quantendynamik von Dirac}",
  journal = {Zeitschrift fur Physik},
     year = 1929,
    month = nov,
   volume = 52,
    pages = {853-868},
      doi = {10.1007/BF01366453},
   adsurl = {http://adsabs.harvard.edu/abs/1929ZPhy...52..853K},
  adsnote = {Provided by the SAO/NASA Astrophysics Data System}
}


@ARTICLE{nardini2015,
   author = {{Nardini}, E. and {Reeves}, J.~N. and {Gofford}, J. and {Harrison}, F.~A. and 
  {Risaliti}, G. and {Braito}, V. and {Costa}, M.~T. and {Matzeu}, G.~A. and 
  {Walton}, D.~J. and {Behar}, E. and {Boggs}, S.~E. and {Christensen}, F.~E. and 
  {Craig}, W.~W. and {Hailey}, C.~J. and {Matt}, G. and {Miller}, J.~M. and 
  {O'Brien}, P.~T. and {Stern}, D. and {Turner}, T.~J. and {Ward}, M.~J.
  },
    title = "{Black hole feedback in the luminous quasar PDS 456}",
  journal = {Science},
archivePrefix = "arXiv",
   eprint = {1502.06636},
 primaryClass = "astro-ph.HE",
     year = 2015,
    month = feb,
   volume = 347,
    pages = {860-863},
      doi = {10.1126/science.1259202},
   adsurl = {http://adsabs.harvard.edu/abs/2015Sci...347..860N},
  adsnote = {Provided by the SAO/NASA Astrophysics Data System}
}

@article{turing,
author = {{Turing}, A.~M.}, 
title = {Rounding Off Errors in Matrix Processes},
volume = {1}, 
number = {1}, 
pages = {287-308}, 
year = {1948}, 
doi = {10.1093/qjmam/1.1.287},  
URL = {http://qjmam.oxfordjournals.org/content/1/1/287.abstract}, 
eprint = {http://qjmam.oxfordjournals.org/content/1/1/287.full.pdf+html}, 
journal = {QJMAM} 
}


@book{GSL,
 author = {Gough, Brian},
 title = {GNU Scientific Library Reference Manual - Third Edition},
 year = {2009},
 isbn = {0954612078, 9780954612078},
 edition = {3rd},
 publisher = {Network Theory Ltd.},
} 


@ARTICLE{penrose1971,
   author = {{Penrose}, R. and {Floyd}, R.~M.},
    title = "{Extraction of Rotational Energy from a Black Hole}",
  journal = {Nature Physical Science},
     year = 1971,
    month = feb,
   volume = 229,
    pages = {177-179},
      doi = {10.1038/physci229177a0},
   adsurl = {http://adsabs.harvard.edu/abs/1971NPhS..229..177P},
  adsnote = {Provided by the SAO/NASA Astrophysics Data System}
}

@ARTICLE{hopkins2016,
   author = {{Hopkins}, P.~F. and {Torrey}, P. and {Faucher-Gigu{\`e}re}, C.-A. and 
  {Quataert}, E. and {Murray}, N.},
    title = "{Stellar and quasar feedback in concert: effects on AGN accretion, obscuration, and outflows}",
  journal = {\mnras},
archivePrefix = "arXiv",
   eprint = {1504.05209},
 keywords = {galaxies: active, galaxies: evolution, galaxies: formation, cosmology: theory},
     year = 2016,
    month = may,
   volume = 458,
    pages = {816-831},
      doi = {10.1093/mnras/stw289},
   adsurl = {http://adsabs.harvard.edu/abs/2016MNRAS.458..816H},
  adsnote = {Provided by the SAO/NASA Astrophysics Data System}
}


@ARTICLE{borguet2013,
   author = {{Borguet}, B.~C.~J. and {Arav}, N. and {Edmonds}, D. and {Chamberlain}, C. and 
  {Benn}, C.},
    title = "{Major Contributor to AGN Feedback: VLT X-shooter Observations of S IV BALQSO Outflows}",
  journal = {\apj},
archivePrefix = "arXiv",
   eprint = {1211.6250},
 keywords = {galaxies: individual: SDSS J1106+1939 SDSS J1512+1119, quasars: absorption lines, quasars: general},
     year = 2013,
    month = jan,
   volume = 762,
      eid = {49},
    pages = {49},
      doi = {10.1088/0004-637X/762/1/49},
   adsurl = {http://adsabs.harvard.edu/abs/2013ApJ...762...49B},
  adsnote = {Provided by the SAO/NASA Astrophysics Data System}
}


@ARTICLE{dunn2012,
   author = {{Dunn}, J.~P. and {Arav}, N. and {Aoki}, K. and {Wilkins}, A. and 
  {Laughlin}, C. and {Edmonds}, D. and {Bautista}, M.},
    title = "{BAL Outflow Contribution to AGN Feedback: Frequency of S IV Outflows in the SDSS}",
  journal = {\apj},
archivePrefix = "arXiv",
   eprint = {1206.7026},
 keywords = {quasars: absorption lines},
     year = 2012,
    month = may,
   volume = 750,
      eid = {143},
    pages = {143},
      doi = {10.1088/0004-637X/750/2/143},
   adsurl = {http://adsabs.harvard.edu/abs/2012ApJ...750..143D},
  adsnote = {Provided by the SAO/NASA Astrophysics Data System}
}



@ARTICLE{gofford2015,
   author = {{Gofford}, J. and {Reeves}, J.~N. and {McLaughlin}, D.~E. and 
  {Braito}, V. and {Turner}, T.~J. and {Tombesi}, F. and {Cappi}, M.
  },
    title = "{The Suzaku view of highly ionized outflows in AGN - II. Location, energetics and scalings with bolometric luminosity}",
  journal = {\mnras},
archivePrefix = "arXiv",
   eprint = {1506.00614},
 primaryClass = "astro-ph.HE",
 keywords = {line: identification, galaxies: active, galaxies: nuclei, X-rays: galaxies},
     year = 2015,
    month = aug,
   volume = 451,
    pages = {4169-4182},
      doi = {10.1093/mnras/stv1207},
   adsurl = {http://adsabs.harvard.edu/abs/2015MNRAS.451.4169G},
  adsnote = {Provided by the SAO/NASA Astrophysics Data System}
}


@ARTICLE{tombesi2015,
   author = {{Tombesi}, F. and {Mel{\'e}ndez}, M. and {Veilleux}, S. and 
  {Reeves}, J.~N. and {Gonz{\'a}lez-Alfonso}, E. and {Reynolds}, C.~S.
  },
    title = "{Wind from the black-hole accretion disk driving a molecular outflow in an active galaxy}",
  journal = {\nat},
archivePrefix = "arXiv",
   eprint = {1501.07664},
 primaryClass = "astro-ph.HE",
     year = 2015,
    month = mar,
   volume = 519,
    pages = {436-438},
      doi = {10.1038/nature14261},
   adsurl = {http://adsabs.harvard.edu/abs/2015Natur.519..436T},
  adsnote = {Provided by the SAO/NASA Astrophysics Data System}
}

@ARTICLE{braito2007,
   author = {{Braito}, V. and {Reeves}, J.~N. and {Dewangan}, G.~C. and {George}, I. and 
  {Griffiths}, R.~E. and {Markowitz}, A. and {Nandra}, K. and 
  {Porquet}, D. and {Ptak}, A. and {Turner}, T.~J. and {Yaqoob}, T. and 
  {Weaver}, K.},
    title = "{Relativistic Iron K Emission and Absorption in the Seyfert 1.9 Galaxy MCG -5-23-16}",
  journal = {\apj},
archivePrefix = "arXiv",
   eprint = {0707.2950},
 keywords = {Galaxies: Active, Galaxies: Individual: Alphanumeric: MCG -5-23-16, Galaxies: Seyfert, X-Rays: Galaxies},
     year = 2007,
    month = dec,
   volume = 670,
    pages = {978-991},
      doi = {10.1086/521916},
   adsurl = {http://adsabs.harvard.edu/abs/2007ApJ...670..978B},
  adsnote = {Provided by the SAO/NASA Astrophysics Data System}
}

@ARTICLE{tombesi2014,
   author = {{Tombesi}, F. and {Tazaki}, F. and {Mushotzky}, R.~F. and {Ueda}, Y. and 
  {Cappi}, M. and {Gofford}, J. and {Reeves}, J.~N. and {Guainazzi}, M.
  },
    title = "{Ultrafast outflows in radio-loud active galactic nuclei}",
  journal = {\mnras},
archivePrefix = "arXiv",
   eprint = {1406.7252},
 primaryClass = "astro-ph.HE",
 keywords = {accretion, accretion discs, black hole physics, line: identification, plasmas, galaxies: active, X-rays: galaxies},
     year = 2014,
    month = sep,
   volume = 443,
    pages = {2154-2182},
      doi = {10.1093/mnras/stu1297},
   adsurl = {http://adsabs.harvard.edu/abs/2014MNRAS.443.2154T},
  adsnote = {Provided by the SAO/NASA Astrophysics Data System}
}


@ARTICLE{reynolds1995,
   author = {{Reynolds}, C.~S. and {Fabian}, A.~C.},
    title = "{Warm absorbers in active galactic nuclei}",
  journal = {\mnras},
   eprint = {astro-ph/9502006},
 keywords = {ATOMIC PROCESSES, PLASMAS, TURBULENCE, GALAXIES: ACTIVE, GALAXIES: SEYFERT, X-RAYS: GALAXIES},
     year = 1995,
    month = apr,
   volume = 273,
    pages = {1167-1176},
      doi = {10.1093/mnras/273.4.1167},
   adsurl = {http://adsabs.harvard.edu/abs/1995MNRAS.273.1167R},
  adsnote = {Provided by the SAO/NASA Astrophysics Data System}
}



@ARTICLE{gofford2013,
   author = {{Gofford}, J. and {Reeves}, J.~N. and {Tombesi}, F. and {Braito}, V. and 
  {Turner}, T.~J. and {Miller}, L. and {Cappi}, M.},
    title = "{The Suzaku view of highly ionized outflows in AGN - I. Statistical detection and global absorber properties}",
  journal = {\mnras},
archivePrefix = "arXiv",
   eprint = {1211.5810},
 primaryClass = "astro-ph.HE",
 keywords = {line: identification, galaxies: active, galaxies: nuclei, X-rays: galaxies},
     year = 2013,
    month = mar,
   volume = 430,
    pages = {60-80},
      doi = {10.1093/mnras/sts481},
   adsurl = {http://adsabs.harvard.edu/abs/2013MNRAS.430...60G},
  adsnote = {Provided by the SAO/NASA Astrophysics Data System}
}


@ARTICLE{fukumura2015,
   author = {{Fukumura}, K. and {Tombesi}, F. and {Kazanas}, D. and {Shrader}, C. and 
  {Behar}, E. and {Contopoulos}, I.},
    title = "{Magnetically Driven Accretion Disk Winds and Ultra-fast Outflows in PG 1211+143}",
  journal = {\apj},
archivePrefix = "arXiv",
   eprint = {1503.04074},
 primaryClass = "astro-ph.HE",
 keywords = {accretion, accretion disks, galaxies: individual: PG1211+143, galaxies: Seyfert, methods: numerical, X-rays: galaxies},
     year = 2015,
    month = may,
   volume = 805,
      eid = {17},
    pages = {17},
      doi = {10.1088/0004-637X/805/1/17},
   adsurl = {http://adsabs.harvard.edu/abs/2015ApJ...805...17F},
  adsnote = {Provided by the SAO/NASA Astrophysics Data System}
}


@ARTICLE{blandford1977,
   author = {{Blandford}, R.~D. and {Znajek}, R.~L.},
    title = "{Electromagnetic extraction of energy from Kerr black holes}",
  journal = {\mnras},
 keywords = {Black Holes (Astronomy), Electromagnetic Fields, Energy Sources, Rotating Matter, Active Galactic Nuclei, Astrophysics, Electron-Positron Pairs, Pair Production},
     year = 1977,
    month = may,
   volume = 179,
    pages = {433-456},
      doi = {10.1093/mnras/179.3.433},
   adsurl = {http://adsabs.harvard.edu/abs/1977MNRAS.179..433B},
  adsnote = {Provided by the SAO/NASA Astrophysics Data System}
}

@ARTICLE{miller2013,
   author = {{Miller}, L. and {Turner}, T.~J.},
    title = "{The Hard X-Ray Spectrum of NGC 1365: Scattered Light, Not Black Hole Spin}",
  journal = {\apjl},
archivePrefix = "arXiv",
   eprint = {1303.4309},
 primaryClass = "astro-ph.HE",
 keywords = {galaxies: active, radiative transfer, X-rays: galaxies, X-rays: individual: NGC 1365},
     year = 2013,
    month = aug,
   volume = 773,
      eid = {L5},
    pages = {L5},
      doi = {10.1088/2041-8205/773/1/L5},
   adsurl = {http://adsabs.harvard.edu/abs/2013ApJ...773L...5M},
  adsnote = {Provided by the SAO/NASA Astrophysics Data System}
}


@ARTICLE{fender2010,
   author = {{Fender}, R.~P. and {Gallo}, E. and {Russell}, D.},
    title = "{No evidence for black hole spin powering of jets in X-ray binaries}",
  journal = {\mnras},
archivePrefix = "arXiv",
   eprint = {1003.5516},
 primaryClass = "astro-ph.HE",
 keywords = {ISM: jets and outflows},
     year = 2010,
    month = aug,
   volume = 406,
    pages = {1425-1434},
      doi = {10.1111/j.1365-2966.2010.16754.x},
   adsurl = {http://adsabs.harvard.edu/abs/2010MNRAS.406.1425F},
  adsnote = {Provided by the SAO/NASA Astrophysics Data System}
}

@ARTICLE{narayan2012,
   author = {{Narayan}, R. and {McClintock}, J.~E.},
    title = "{Observational evidence for a correlation between jet power and black hole spin}",
  journal = {\mnras},
archivePrefix = "arXiv",
   eprint = {1112.0569},
 primaryClass = "astro-ph.HE",
 keywords = {accretion, accretion discs, black hole physics, binaries: close, ISM: jets and outflows, X-rays: binaries},
     year = 2012,
    month = jan,
   volume = 419,
    pages = {L69-L73},
      doi = {10.1111/j.1745-3933.2011.01181.x},
   adsurl = {http://adsabs.harvard.edu/abs/2012MNRAS.419L..69N},
  adsnote = {Provided by the SAO/NASA Astrophysics Data System}
}

@ARTICLE{thorne1974,
   author = {{Thorne}, K.~S.},
    title = "{Disk-Accretion onto a Black Hole. II. Evolution of the Hole}",
  journal = {\apj},
     year = 1974,
    month = jul,
   volume = 191,
    pages = {507-520},
      doi = {10.1086/152991},
   adsurl = {http://adsabs.harvard.edu/abs/1974ApJ...191..507T},
  adsnote = {Provided by the SAO/NASA Astrophysics Data System}
}


@INBOOK{narayan2014,
   author = {{Narayan}, R. and {McClintock}, J.~E. and {Tchekhovskoy}, A.
	},
    title = "{Energy Extraction from Spinning Black Holes Via Relativistic Jets}",
 keywords = {Physics},
booktitle = {General Relativity, Cosmology and Astrophysics},
     year = 2014,
   editor = {{Bi{\v c}{\'a}k}, J. and {Ledvinka}, T.},
    pages = {523},
      doi = {10.1007/978-3-319-06349-2_25},
   adsurl = {http://adsabs.harvard.edu/abs/2014grca.book..523N},
  adsnote = {Provided by the SAO/NASA Astrophysics Data System}
}

@ARTICLE{gierlinskidone2006,
   author = {{Gierli{\'n}ski}, M. and {Done}, C.},
    title = "{Energy-dependent variability and the origin of the soft X-ray excess in active galactic nuclei}",
  journal = {\mnras},
   eprint = {astro-ph/0605129},
 keywords = {accretion, accretion discs: atomic processes: galaxies: active: X-rays: galaxies, accretion discs, atomic processes, galaxies: active, X-rays: galaxies},
     year = 2006,
    month = sep,
   volume = 371,
    pages = {L16-L20},
      doi = {10.1111/j.1745-3933.2006.00199.x},
   adsurl = {http://adsabs.harvard.edu/abs/2006MNRAS.371L..16G},
  adsnote = {Provided by the SAO/NASA Astrophysics Data System}
}


@ARTICLE{jester2005,
   author = {{Jester}, S.},
    title = "{A Simple Test for the Existence of Two Accretion Modes in Active Galactic Nuclei}",
  journal = {\apj},
   eprint = {astro-ph/0502394},
 keywords = {Accretion, Accretion Disks, Galaxies: Active},
     year = 2005,
    month = jun,
   volume = 625,
    pages = {667-679},
      doi = {10.1086/429812},
   adsurl = {http://adsabs.harvard.edu/abs/2005ApJ...625..667J},
  adsnote = {Provided by the SAO/NASA Astrophysics Data System}
}

@ARTICLE{lyndenbell1969,
   author = {{Lynden-Bell}, D.},
    title = "{Galactic Nuclei as Collapsed Old Quasars}",
  journal = {\nat},
     year = 1969,
    month = aug,
   volume = 223,
    pages = {690-694},
      doi = {10.1038/223690a0},
   adsurl = {http://adsabs.harvard.edu/abs/1969Natur.223..690L},
  adsnote = {Provided by the SAO/NASA Astrophysics Data System}
}

@ARTICLE{diaztrigo2015,
   author = {{D{\'{\i}}az Trigo}, M. and {Boirin}, L.},
    title = "{Accretion disc atmospheres and winds in low-mass X-ray binaries}",
  journal = {ArXiv e-prints},
archivePrefix = "arXiv",
   eprint = {1510.03576},
 primaryClass = "astro-ph.HE",
 keywords = {Astrophysics - High Energy Astrophysical Phenomena},
     year = 2015,
    month = oct,
   adsurl = {http://adsabs.harvard.edu/abs/2015arXiv151003576D},
  adsnote = {Provided by the SAO/NASA Astrophysics Data System}
}

@ARTICLE{bondi1952,
   author = {{Bondi}, H.},
    title = "{On spherically symmetrical accretion}",
  journal = {\mnras},
     year = 1952,
   volume = 112,
    pages = {195},
      doi = {10.1093/mnras/112.2.195},
   adsurl = {http://adsabs.harvard.edu/abs/1952MNRAS.112..195B},
  adsnote = {Provided by the SAO/NASA Astrophysics Data System}
}

@ARTICLE{hoyle1939,
   author = {{Hoyle}, F. and {Lyttleton}, R.~A.},
    title = "{The effect of interstellar matter on climatic variation}",
  journal = {Proceedings of the Cambridge Philosophical Society},
     year = 1939,
   volume = 35,
    pages = {405},
      doi = {10.1017/S0305004100021150},
   adsurl = {http://adsabs.harvard.edu/abs/1939PCPS...35..405H},
  adsnote = {Provided by the SAO/NASA Astrophysics Data System}
}



@ARTICLE{bondi1944,
   author = {{Bondi}, H. and {Hoyle}, F.},
    title = "{On the mechanism of accretion by stars}",
  journal = {\mnras},
     year = 1944,
   volume = 104,
    pages = {273},
      doi = {10.1093/mnras/104.5.273},
   adsurl = {http://adsabs.harvard.edu/abs/1944MNRAS.104..273B},
  adsnote = {Provided by the SAO/NASA Astrophysics Data System}
}


@ARTICLE{eracleous1994,
   author = {{Eracleous}, M. and {Halpern}, J.~P.},
    title = "{Doubled-peaked emission lines in active galactic nuclei}",
  journal = {\apjs},
 keywords = {Accretion Disks, Active Galactic Nuclei, Astronomical Models, Demography, Emission Spectra, H Alpha Line, Line Shape, Quasars, Radio Galaxies, Red Shift, Relativistic Effects, Taxonomy, Astronomical Observatories, Calibrating, Charge Coupled Devices, Near Infrared Radiation, Spectral Line Width, Spectroscopic Telescopes},
     year = 1994,
    month = jan,
   volume = 90,
    pages = {1-30},
      doi = {10.1086/191856},
   adsurl = {http://adsabs.harvard.edu/abs/1994ApJS...90....1E},
  adsnote = {Provided by the SAO/NASA Astrophysics Data System}
}

@ARTICLE{KP09,
   author = {{Kurosawa}, R. and {Proga}, D.},
    title = "{Three-Dimensional Simulations of Dynamics of Accretion Flows Irradiated by a Quasar}",
  journal = {\apj},
archivePrefix = "arXiv",
   eprint = {0812.3153},
 keywords = {accretion, accretion disks, galaxies: jets, galaxies: kinematics and dynamics, hydrodynamics, methods: numerical},
     year = 2009,
    month = mar,
   volume = 693,
    pages = {1929-1945},
      doi = {10.1088/0004-637X/693/2/1929},
   adsurl = {http://adsabs.harvard.edu/abs/2009ApJ...693.1929K},
  adsnote = {Provided by the SAO/NASA Astrophysics Data System}
}


@INPROCEEDINGS{netzer1990,
   author = {{Netzer}, H.},
    title = "{AGN emission lines.}",
 keywords = {Active Galactic Nuclei: Emission Lines, Active Galactic Nuclei: Line Formation, Active Galactic Nuclei: Photoionization},
booktitle = {Active Galactic Nuclei},
     year = 1990,
   editor = {{Blandford}, R.~D. and {Netzer}, H. and {Woltjer}, L. and {Courvoisier}, T.~J.-L. and 
	{Mayor}, M.},
    pages = {57-160},
   adsurl = {http://adsabs.harvard.edu/abs/1990agn..conf...57N},
  adsnote = {Provided by the SAO/NASA Astrophysics Data System}
}

@ARTICLE{sdssdr7,
   author = {{Abazajian}, K.~N. and {Adelman-McCarthy}, J.~K. and {Ag{\"u}eros}, M.~A. and 
	{Allam}, S.~S. and {Allende Prieto}, C. and {An}, D. and {Anderson}, K.~S.~J. and 
	{Anderson}, S.~F. and {Annis}, J. and {Bahcall}, N.~A. and et al.},
    title = "{The Seventh Data Release of the Sloan Digital Sky Survey}",
  journal = {\apjs},
archivePrefix = "arXiv",
   eprint = {0812.0649},
 keywords = {atlases, catalogs, surveys},
     year = 2009,
    month = jun,
   volume = 182,
      eid = {543},
    pages = {543-558},
      doi = {10.1088/0067-0049/182/2/543},
   adsurl = {http://adsabs.harvard.edu/abs/2009ApJS..182..543A},
  adsnote = {Provided by the SAO/NASA Astrophysics Data System}
}

@ARTICLE{shen2011,
   author = {{Shen}, Y. and {Richards}, G.~T. and {Strauss}, M.~A. and {Hall}, P.~B. and 
	{Schneider}, D.~P. and {Snedden}, S. and {Bizyaev}, D. and {Brewington}, H. and 
	{Malanushenko}, V. and {Malanushenko}, E. and {Oravetz}, D. and 
	{Pan}, K. and {Simmons}, A.},
    title = "{A Catalog of Quasar Properties from Sloan Digital Sky Survey Data Release 7}",
  journal = {\apjs},
archivePrefix = "arXiv",
   eprint = {1006.5178},
 primaryClass = "astro-ph.CO",
 keywords = {black hole physics, galaxies: active, quasars: general, surveys},
     year = 2011,
    month = jun,
   volume = 194,
      eid = {45},
    pages = {45},
      doi = {10.1088/0067-0049/194/2/45},
   adsurl = {http://adsabs.harvard.edu/abs/2011ApJS..194...45S},
  adsnote = {Provided by the SAO/NASA Astrophysics Data System}
}



@ARTICLE{ghoshpunsly2007,
   author = {{Ghosh}, K.~K. and {Punsly}, B.},
    title = "{The Physical Nature of Polar Broad Absorption Line Quasars}",
  journal = {\apjl},
archivePrefix = "arXiv",
   eprint = {0704.2407},
 keywords = {Accretion, Accretion Disks, Black Hole Physics, Galaxies: Jets, Galaxies: Quasars: Absorption Lines, Galaxies: Quasars: General},
     year = 2007,
    month = jun,
   volume = 661,
    pages = {L139-L142},
      doi = {10.1086/518859},
   adsurl = {http://adsabs.harvard.edu/abs/2007ApJ...661L.139G},
  adsnote = {Provided by the SAO/NASA Astrophysics Data System}
}

@ARTICLE{hubenyhubeny1997,
   author = {{Hubeny}, I. and {Hubeny}, V.},
    title = "{Non-LTE Models and Theoretical Spectra of Accretion Disks in Active Galactic Nuclei}",
  journal = {\apjl},
   eprint = {astro-ph/9705085},
 keywords = {ACCRETION, ACCRETION DISKS, GALAXIES: ACTIVE, GALAXIES: NUCLEI, RADIATIVE TRANSFER, Accretion, Accretion Disks, Galaxies: Active, Galaxies: Nuclei, Radiative Transfer},
     year = 1997,
    month = jul,
   volume = 484,
    pages = {L37-L40},
      doi = {10.1086/310774},
   adsurl = {http://adsabs.harvard.edu/abs/1997ApJ...484L..37H},
  adsnote = {Provided by the SAO/NASA Astrophysics Data System}
}

@ARTICLE{hubeny2000,
   author = {{Hubeny}, I. and {Agol}, E. and {Blaes}, O. and {Krolik}, J.~H.
	},
    title = "{Non-LTE Models and Theoretical Spectra of Accretion Disks in Active Galactic Nuclei. III. Integrated Spectra for Hydrogen-Helium Disks}",
  journal = {\apj},
   eprint = {astro-ph/9911317},
 keywords = {ACCRETION, ACCRETION DISKS, GALAXIES: ACTIVE, GALAXIES: NUCLEI},
     year = 2000,
    month = apr,
   volume = 533,
    pages = {710-728},
      doi = {10.1086/308708},
   adsurl = {http://adsabs.harvard.edu/abs/2000ApJ...533..710H},
  adsnote = {Provided by the SAO/NASA Astrophysics Data System}
}


@ARTICLE{hubeny2001,
   author = {{Hubeny}, I. and {Blaes}, O. and {Krolik}, J.~H. and {Agol}, E.
	},
    title = "{Non-LTE Models and Theoretical Spectra of Accretion Disks in Active Galactic Nuclei. IV. Effects of Compton Scattering and Metal Opacities}",
  journal = {\apj},
   eprint = {astro-ph/0105507},
 keywords = {Accretion, Accretion Disks, Galaxies: Active, Galaxies: Nuclei, Radiative Transfer},
     year = 2001,
    month = oct,
   volume = 559,
    pages = {680-702},
      doi = {10.1086/322344},
   adsurl = {http://adsabs.harvard.edu/abs/2001ApJ...559..680H},
  adsnote = {Provided by the SAO/NASA Astrophysics Data System}
}


@ARTICLE{bruni2012,
   author = {{Bruni}, G. and {Mack}, K.-H. and {Salerno}, E. and {Montenegro-Montes}, F.~M. and 
	{Carballo}, R. and {Benn}, C.~R. and {Gonz{\'a}lez-Serrano}, J.~I. and 
	{Holt}, J. and {Jim{\'e}nez-Luj{\'a}n}, F.},
    title = "{Radio spectra and polarisation properties of a bright sample of radio-loud broad absorption line quasars}",
  journal = {\aap},
archivePrefix = "arXiv",
   eprint = {1203.4509},
 keywords = {quasars: absorption lines, galaxies: active, galaxies: evolution, radio continuum: galaxies},
     year = 2012,
    month = jun,
   volume = 542,
      eid = {A13},
    pages = {A13},
      doi = {10.1051/0004-6361/201219056},
   adsurl = {http://adsabs.harvard.edu/abs/2012A%26A...542A..13B},
  adsnote = {Provided by the SAO/NASA Astrophysics Data System}
}


@ARTICLE{marin2013,
   author = {{Marin}, F. and {Goosmann}, R.~W.},
    title = "{A structure for quasars under the scope of polarization - I. The UV/optical polarization dichotomy of type-1 and type-2 AGN}",
  journal = {\mnras},
 keywords = {polarization - radiative transfer, scattering, galaxies: active, galaxies: Seyfert},
     year = 2013,
    month = dec,
   volume = 436,
    pages = {2522-2534},
      doi = {10.1093/mnras/stt1757},
   adsurl = {http://adsabs.harvard.edu/abs/2013MNRAS.436.2522M},
  adsnote = {Provided by the SAO/NASA Astrophysics Data System}
}

@ARTICLE{marin2014,
   author = {{Marin}, F.},
    title = "{A compendium of AGN inclinations with corresponding UV/optical continuum polarization measurements}",
  journal = {\mnras},
archivePrefix = "arXiv",
   eprint = {1404.2417},
 keywords = {polarization, radiative transfer, scattering, atlases, galaxies: active, galaxies: structure},
     year = 2014,
    month = jun,
   volume = 441,
    pages = {551-564},
      doi = {10.1093/mnras/stu593},
   adsurl = {http://adsabs.harvard.edu/abs/2014MNRAS.441..551M},
  adsnote = {Provided by the SAO/NASA Astrophysics Data System}
}





@ARTICLE{zhou2006,
   author = {{Zhou}, H. and {Wang}, T. and {Wang}, H. and {Wang}, J. and 
	{Yuan}, W. and {Lu}, Y.},
    title = "{Polar Outflows in Six Broad Absorption Line Quasars}",
  journal = {\apj},
   eprint = {astro-ph/0510243},
 keywords = {Galaxies: Quasars: Absorption Lines, Galaxies: Quasars: General, Radio Continuum: Galaxies},
     year = 2006,
    month = mar,
   volume = 639,
    pages = {716-723},
      doi = {10.1086/499768},
   adsurl = {http://adsabs.harvard.edu/abs/2006ApJ...639..716Z},
  adsnote = {Provided by the SAO/NASA Astrophysics Data System}
}



@ARTICLE{filizak2014,
   author = {{Filiz Ak}, N. and {Brandt}, W.~N. and {Hall}, P.~B. and {Schneider}, D.~P. and 
	{Trump}, J.~R. and {Anderson}, S.~F. and {Hamann}, F. and {Myers}, A.~D. and 
	{P{\^a}ris}, I. and {Petitjean}, P. and {Ross}, N.~P. and {Shen}, Y. and 
	{York}, D.},
    title = "{The Dependence of C IV Broad Absorption Line Properties on Accompanying Si IV and Al III Absorption: Relating Quasar-wind Ionization Levels, Kinematics, and Column Densities}",
  journal = {\apj},
archivePrefix = "arXiv",
   eprint = {1407.2250},
 keywords = {quasars: absorption lines },
     year = 2014,
    month = aug,
   volume = 791,
      eid = {88},
    pages = {88},
      doi = {10.1088/0004-637X/791/2/88},
   adsurl = {http://adsabs.harvard.edu/abs/2014ApJ...791...88F},
  adsnote = {Provided by the SAO/NASA Astrophysics Data System}
}

@ARTICLE{shenho2014,
   author = {{Shen}, Y. and {Ho}, L.~C.},
    title = "{The diversity of quasars unified by accretion and orientation}",
  journal = {\nat},
archivePrefix = "arXiv",
   eprint = {1409.2887},
     year = 2014,
    month = sep,
   volume = 513,
    pages = {210-213},
      doi = {10.1038/nature13712},
   adsurl = {http://adsabs.harvard.edu/abs/2014Natur.513..210S},
  adsnote = {Provided by the SAO/NASA Astrophysics Data System}
}


@ARTICLE{sluse2015,
   author = {{Sluse}, D. and {Hutsem{\'e}kers}, D. and {Anguita}, T. and 
	{Braibant}, L. and {Riaud}, P.},
    title = "{Evidence for two spatially separated UV continuum emitting regions in the Cloverleaf broad absorption line quasar}",
  journal = {ArXiv e-prints},
archivePrefix = "arXiv",
   eprint = {1508.05394},
 keywords = {Astrophysics - Astrophysics of Galaxies, Astrophysics - Cosmology and Nongalactic Astrophysics, Astrophysics - High Energy Astrophysical Phenomena, Astrophysics - Instrumentation and Methods for Astrophysics},
     year = 2015,
    month = aug,
   adsurl = {http://adsabs.harvard.edu/abs/2015arXiv150805394S},
  adsnote = {Provided by the SAO/NASA Astrophysics Data System}
}


@ARTICLE{simproga2012,
   author = {{Sim}, S.~A. and {Proga}, D. and {Kurosawa}, R. and {Long}, K.~S. and 
	{Miller}, L. and {Turner}, T.~J.},
    title = "{Synthetic X-ray spectra for simulations of the dynamics of an accretion flow irradiated by a quasar}",
  journal = {\mnras},
archivePrefix = "arXiv",
   eprint = {1207.7194},
 primaryClass = "astro-ph.HE",
 keywords = {hydrodynamics, radiative transfer, methods: numerical, galaxies: active, X-rays: galaxies},
     year = 2012,
    month = nov,
   volume = 426,
    pages = {2859-2869},
      doi = {10.1111/j.1365-2966.2012.21816.x},
   adsurl = {http://adsabs.harvard.edu/abs/2012MNRAS.426.2859S},
  adsnote = {Provided by the SAO/NASA Astrophysics Data System}
}

@ARTICLE{dipompeo2012b,
   author = {{DiPompeo}, M.~A. and {Brotherton}, M.~S. and {Cales}, S.~L. and 
	{Runnoe}, J.~C.},
    title = "{The rest-frame ultraviolet properties of radio-loud broad absorption line quasars}",
  journal = {\mnras},
archivePrefix = "arXiv",
   eprint = {1209.1417},
 keywords = {quasars: absorption lines, quasars: emission lines, quasars: general},
     year = 2012,
    month = dec,
   volume = 427,
    pages = {1135-1152},
      doi = {10.1111/j.1365-2966.2012.21971.x},
   adsurl = {http://adsabs.harvard.edu/abs/2012MNRAS.427.1135D},
  adsnote = {Provided by the SAO/NASA Astrophysics Data System}
}

@ARTICLE{wei1988,
   author = {{Wei}, Z.},
    title = "{The critical densities for some emission lines.}",
  journal = {Astrophysical Letters and Communications},
 keywords = {Emission Lines: Densities},
     year = 1988,
    month = dec,
   volume = 27,
    pages = {275-279},
   adsurl = {http://adsabs.harvard.edu/abs/1988ApL%26C..27..275W},
  adsnote = {Provided by the SAO/NASA Astrophysics Data System}
}


@ARTICLE{dipompeo2012a,
   author = {{DiPompeo}, M.~A. and {Brotherton}, M.~S. and {De Breuck}, C.
	},
    title = "{The Viewing Angles of Broad Absorption Line versus Unabsorbed Quasars}",
  journal = {\apj},
archivePrefix = "arXiv",
   eprint = {1204.1375},
 keywords = {quasars: absorption lines, quasars: general},
     year = 2012,
    month = jun,
   volume = 752,
      eid = {6},
    pages = {6},
      doi = {10.1088/0004-637X/752/1/6},
   adsurl = {http://adsabs.harvard.edu/abs/2012ApJ...752....6D},
  adsnote = {Provided by the SAO/NASA Astrophysics Data System}
}

@PHDTHESIS{agol1997,
   author = {{Agol}, E.},
    title = "{The Effects of Magnetic Fields, Absorption, and Relativity on the Polarization of Accretion Disks around Supermassive Black Holes}",
   school = {UNIVERSITY OF CALIFORNIA, SANTA BARBARA},
     year = 1997,
   adsurl = {http://adsabs.harvard.edu/abs/1997PhDT.........2A},
  adsnote = {Provided by the SAO/NASA Astrophysics Data System}
}


@ARTICLE{springel2005,
   author = {{Springel}, V. and {Di Matteo}, T. and {Hernquist}, L.},
    title = "{Black Holes in Galaxy Mergers: The Formation of Red Elliptical Galaxies}",
  journal = {\apjl},
   eprint = {astro-ph/0409436},
 keywords = {Cosmology: Theory, Galaxies: Formation, Methods: Numerical},
     year = 2005,
    month = feb,
   volume = 620,
    pages = {L79-L82},
      doi = {10.1086/428772},
   adsurl = {http://adsabs.harvard.edu/abs/2005ApJ...620L..79S},
  adsnote = {Provided by the SAO/NASA Astrophysics Data System}
}

@Article{matplotlib,
  Author    = {Hunter, J. D.},
  Title     = {Matplotlib: A 2D graphics environment},
  Journal   = {Computing In Science \& Engineering},
  Volume    = {9},
  Number    = {3},
  Pages     = {90--95},
  abstract  = {Matplotlib is a 2D graphics package used for Python
  for application development, interactive scripting, and
  publication-quality image generation across user
  interfaces and operating systems.},
  publisher = {IEEE COMPUTER SOC},
  year      = 2007
}
@ARTICLE{elitzur2014,
   author = {{Elitzur}, M. and {Ho}, L.~C. and {Trump}, J.~R.},
    title = "{Evolution of broad-line emission from active galactic nuclei}",
  journal = {\mnras},
archivePrefix = "arXiv",
   eprint = {1312.4922},
 keywords = {galaxies: active, galaxies: nuclei, quasars: emission lines, quasars: general},
     year = 2014,
    month = mar,
   volume = 438,
    pages = {3340-3351},
      doi = {10.1093/mnras/stt2445},
   adsurl = {http://cdsads.u-strasbg.fr/abs/2014MNRAS.438.3340E},
  adsnote = {Provided by the SAO/NASA Astrophysics Data System}
}


@ARTICLE{risaliti2011,
   author = {{Risaliti}, G. and {Salvati}, M. and {Marconi}, A.},
    title = "{[O III] equivalent width and orientation effects in quasars}",
  journal = {\mnras},
archivePrefix = "arXiv",
   eprint = {1010.2037},
 keywords = {galaxies: active, quasars: general},
     year = 2011,
    month = mar,
   volume = 411,
    pages = {2223-2229},
      doi = {10.1111/j.1365-2966.2010.17843.x},
   adsurl = {http://cdsads.u-strasbg.fr/abs/2011MNRAS.411.2223R},
  adsnote = {Provided by the SAO/NASA Astrophysics Data System}
}


@ARTICLE{knigge1999,
   author = {{Knigge}, C.},
    title = "{The effective temperature distribution of steady-state, mass-losing accretion discs}",
  journal = {\mnras},
   eprint = {astro-ph/9906194},
     year = 1999,
    month = oct,
   volume = 309,
    pages = {409-420},
      doi = {10.1046/j.1365-8711.1999.02839.x},
   adsurl = {http://adsabs.harvard.edu/abs/1999MNRAS.309..409K},
  adsnote = {Provided by the SAO/NASA Astrophysics Data System}
}

@ARTICLE{baldwin1977,
   author = {{Baldwin}, J.~A.},
    title = "{The Ly-alpha/H-beta intensity ratio in the spectra of QSOs}",
  journal = {\mnras},
 keywords = {Astronomical Spectroscopy, Lyman Alpha Radiation, Lyman Beta Radiation, Quasars, Absorption Spectra, Luminous Intensity, Red Shift, Spectral Energy Distribution, Spectral Line Width},
     year = 1977,
    month = mar,
   volume = 178,
    pages = {67P-74P},
   adsurl = {http://adsabs.harvard.edu/abs/1977MNRAS.178P..67B},
  adsnote = {Provided by the SAO/NASA Astrophysics Data System}
}




@ARTICLE{baldwineffect,
   author = {{Baldwin}, J.~A.},
    title = "{Luminosity Indicators in the Spectra of Quasi-Stellar Objects}",
  journal = {\apj},
     year = 1977,
    month = jun,
   volume = 214,
    pages = {679-684},
      doi = {10.1086/155294},
   adsurl = {http://adsabs.harvard.edu/abs/1977ApJ...214..679B},
  adsnote = {Provided by the SAO/NASA Astrophysics Data System}
}


@ARTICLE{ferlandrees1988,
   author = {{Ferland}, G.~J. and {Rees}, M.~J.},
    title = "{Radiative equilibrium of high-density clouds with application to active galactic nucleus continua}",
  journal = {\apj},
 keywords = {Active Galactic Nuclei, Continuous Radiation, Emission Spectra, Galactic Radiation, Molecular Clouds, X Ray Astronomy, Heavy Elements, Hydrogen Atoms, Optical Thickness, Oscillator Strengths, Radiative Transfer, Thermal Radiation, Thermodynamic Equilibrium},
     year = 1988,
    month = sep,
   volume = 332,
    pages = {141-156},
      doi = {10.1086/166639},
   adsurl = {http://adsabs.harvard.edu/abs/1988ApJ...332..141F},
  adsnote = {Provided by the SAO/NASA Astrophysics Data System}
}

@ARTICLE{lamy2000,
   author = {{Lamy}, H. and {Hutsem{\'e}kers}, D.},
    title = "{Spectropolarimetry of the iron low ionization broad absorption line quasar Q 0059-2735}",
  journal = {\aap},
 keywords = {GALAXIES: QUASARS: ABSORPTION LINES, GALAXIES: QUASARS: INDIVIDUAL:, POLARIZATION},
     year = 2000,
    month = apr,
   volume = 356,
    pages = {L9-L12},
   adsurl = {http://adsabs.harvard.edu/abs/2000A%26A...356L...9L},
  adsnote = {Provided by the SAO/NASA Astrophysics Data System}
}

@ARTICLE{borguet2012,
   author = {{Borguet}, B.~C.~J. and {Edmonds}, D. and {Arav}, N. and {Dunn}, J. and 
	{Kriss}, G.~A.},
    title = "{A 10 kpc Scale Seyfert Galaxy Outflow: HST/COS Observations of IRAS F22456-5125}",
  journal = {\apj},
archivePrefix = "arXiv",
   eprint = {1205.0189},
 keywords = {galaxies: active, line: formation, quasars: absorption lines, quasars: individual: IRAS F22456{\ndash}5125},
     year = 2012,
    month = jun,
   volume = 751,
      eid = {107},
    pages = {107},
      doi = {10.1088/0004-637X/751/2/107},
   adsurl = {http://adsabs.harvard.edu/abs/2012ApJ...751..107B},
  adsnote = {Provided by the SAO/NASA Astrophysics Data System}
}

@ARTICLE{sim2010,
   author = {{Sim}, S.~A. and {Miller}, L. and {Long}, K.~S. and {Turner}, T.~J. and 
	{Reeves}, J.~N.},
    title = "{Multidimensional modelling of X-ray spectra for AGN accretion disc outflows - II}",
  journal = {\mnras},
archivePrefix = "arXiv",
   eprint = {1002.0544},
 primaryClass = "astro-ph.HE",
 keywords = {radiative transfer, methods: numerical, galaxies: active, galaxies: individual: PG1211+143, X-rays: galaxies},
     year = 2010,
    month = may,
   volume = 404,
    pages = {1369-1384},
      doi = {10.1111/j.1365-2966.2010.16396.x},
   adsurl = {http://adsabs.harvard.edu/abs/2010MNRAS.404.1369S},
  adsnote = {Provided by the SAO/NASA Astrophysics Data System}
}

@ARTICLE{faucher-felobal-shocks,
   author = {{Faucher-Gigu{\`e}re}, C.-A. and {Quataert}, E. and {Murray}, N.
	},
    title = "{A physical model of FeLoBALs: implications for quasar feedback}",
  journal = {\mnras},
archivePrefix = "arXiv",
   eprint = {1108.0413},
 keywords = {galaxies: active, galaxies: evolution, quasars: absorption lines, quasars: general, cosmology: theory},
     year = 2012,
    month = feb,
   volume = 420,
    pages = {1347-1354},
      doi = {10.1111/j.1365-2966.2011.20120.x},
   adsurl = {http://adsabs.harvard.edu/abs/2012MNRAS.420.1347F},
  adsnote = {Provided by the SAO/NASA Astrophysics Data System}
}
@ARTICLE{connolly2014,
   author = {{Connolly}, S.~D. and {McHardy}, I.~M. and {Dwelly}, T.},
    title = "{Long-term wind-driven X-ray spectral variability of NGC 1365 with Swift}",
  journal = {\mnras},
archivePrefix = "arXiv",
   eprint = {1403.4253},
 primaryClass = "astro-ph.HE",
 keywords = {galaxies: active, galaxies: individual NGC 1365, galaxies: nuclei, galaxies: Seyfert, X-rays: galaxies},
     year = 2014,
    month = jun,
   volume = 440,
    pages = {3503-3510},
      doi = {10.1093/mnras/stu546},
   adsurl = {http://adsabs.harvard.edu/abs/2014MNRAS.440.3503C},
  adsnote = {Provided by the SAO/NASA Astrophysics Data System}
}


@ARTICLE{fan2008,
   author = {{Fan}, L. and {Lapi}, A. and {De Zotti}, G. and {Danese}, L.
	},
    title = "{The Dramatic Size Evolution of Elliptical Galaxies and the Quasar Feedback}",
  journal = {\apjl},
archivePrefix = "arXiv",
   eprint = {0809.4574},
 keywords = {Galaxies: Elliptical and Lenticular, cD, Galaxies: Evolution, Galaxies: Formation, Galaxies: High-Redshift, Galaxies: Quasars: General},
     year = 2008,
    month = dec,
   volume = 689,
    pages = {L101-L104},
      doi = {10.1086/595784},
   adsurl = {http://adsabs.harvard.edu/abs/2008ApJ...689L.101F},
  adsnote = {Provided by the SAO/NASA Astrophysics Data System}
}




@ARTICLE{krolik1981,
   author = {{Krolik}, J.~H. and {McKee}, C.~F. and {Tarter}, C.~B.},
    title = "{Two-phase models of quasar emission line regions}",
  journal = {\apj},
 keywords = {Astronomical Models, Emission Spectra, Hydrogen Clouds, Quasars, Two Phase Flow, X Ray Sources, Compton Effect, Gas Temperature, Line Spectra, Phase Diagrams, Photoionization, Spectrum Analysis},
     year = 1981,
    month = oct,
   volume = 249,
    pages = {422-442},
      doi = {10.1086/159303},
   adsurl = {http://adsabs.harvard.edu/abs/1981ApJ...249..422K},
  adsnote = {Provided by the SAO/NASA Astrophysics Data System}
}


@ARTICLE{proga2014,
   author = {{Proga}, D. and {Jiang}, Y.-F. and {Davis}, S.~W. and {Stone}, J.~M. and 
	{Smith}, D.},
    title = "{The Effects of Irradiation on Cloud Evolution in Active Galactic Nuclei}",
  journal = {\apj},
archivePrefix = "arXiv",
   eprint = {1311.1540},
 keywords = {hydrodynamics, instabilities, methods: numerical, radiative transfer },
     year = 2014,
    month = jan,
   volume = 780,
      eid = {51},
    pages = {51},
      doi = {10.1088/0004-637X/780/1/51},
   adsurl = {http://adsabs.harvard.edu/abs/2014ApJ...780...51P},
  adsnote = {Provided by the SAO/NASA Astrophysics Data System}
}


@ARTICLE{gofford2014,
   author = {{Gofford}, J. and {Reeves}, J.~N. and {Braito}, V. and {Nardini}, E. and 
  {Costa}, M.~T. and {Matzeu}, G.~A. and {O'Brien}, P. and {Ward}, M. and 
  {Turner}, T.~J. and {Miller}, L.},
    title = "{Revealing the Location and Structure of the Accretion Disk Wind in PDS 456}",
  journal = {\apj},
archivePrefix = "arXiv",
   eprint = {1402.3700},
 primaryClass = "astro-ph.HE",
 keywords = {black hole physics, quasars: individual: PDS456, X-rays: galaxies},
     year = 2014,
    month = mar,
   volume = 784,
      eid = {77},
    pages = {77},
      doi = {10.1088/0004-637X/784/1/77},
   adsurl = {http://adsabs.harvard.edu/abs/2014ApJ...784...77G},
  adsnote = {Provided by the SAO/NASA Astrophysics Data System}
}


@ARTICLE{matzeu2016,
   author = {{Matzeu}, G.~A. and {Reeves}, J.~N. and {Nardini}, E. and {Braito}, V. and 
  {Costa}, M.~T. and {Tombesi}, F. and {Gofford}, J.},
    title = "{Short-term X-ray spectral variability of the quasar PDS 456 observed in a low-flux state}",
  journal = {\mnras},
archivePrefix = "arXiv",
   eprint = {1602.04023},
 primaryClass = "astro-ph.HE",
 keywords = {galaxies: active, galaxies: nuclei, quasars: individual: PDS 456, X-rays: gala-xies},
     year = 2016,
    month = may,
   volume = 458,
    pages = {1311-1329},
      doi = {10.1093/mnras/stw354},
   adsurl = {http://adsabs.harvard.edu/abs/2016MNRAS.458.1311M},
  adsnote = {Provided by the SAO/NASA Astrophysics Data System}
}


@ARTICLE{grupenousek2015,
   author = {{Grupe}, D. and {Nousek}, J.~A.},
    title = "{Is There a Connection between Broad Absorption Line Quasars and Narrow-Line Seyfert 1 Galaxies?}",
  journal = {\aj},
archivePrefix = "arXiv",
   eprint = {1412.8256},
 keywords = {galaxies: active},
     year = 2015,
    month = feb,
   volume = 149,
      eid = {85},
    pages = {85},
      doi = {10.1088/0004-6256/149/2/85},
   adsurl = {http://adsabs.harvard.edu/abs/2015AJ....149...85G},
  adsnote = {Provided by the SAO/NASA Astrophysics Data System}
}

@ARTICLE{dere2007,
   author = {{Dere}, K.~P.},
    title = "{Ionization rate coefficients for the elements hydrogen through zinc}",
  journal = {\aap},
 keywords = {atomic data, atomic processes, plasmas},
     year = 2007,
    month = may,
   volume = 466,
    pages = {771-792},
      doi = {10.1051/0004-6361:20066728},
   adsurl = {http://adsabs.harvard.edu/abs/2007A%26A...466..771D},
  adsnote = {Provided by the SAO/NASA Astrophysics Data System}
}

@ARTICLE{tombesi2010a,
   author = {{Tombesi}, F. and {Cappi}, M. and {Reeves}, J.~N. and {Palumbo}, G.~G.~C. and 
	{Yaqoob}, T. and {Braito}, V. and {Dadina}, M.},
    title = "{Evidence for ultra-fast outflows in radio-quiet AGNs. I. Detection and statistical incidence of Fe K-shell absorption lines}",
  journal = {\aap},
archivePrefix = "arXiv",
   eprint = {1006.2858},
 primaryClass = "astro-ph.HE",
 keywords = {black hole physics, X-ray: galaxies, galaxies: Seyfert, line: identification},
     year = 2010,
    month = oct,
   volume = 521,
      eid = {A57},
    pages = {A57},
      doi = {10.1051/0004-6361/200913440},
   adsurl = {http://adsabs.harvard.edu/abs/2010A%26A...521A..57T},
  adsnote = {Provided by the SAO/NASA Astrophysics Data System}
}

@ARTICLE{cassidyraine1996,
   author = {{Cassidy}, I. and {Raine}, D.~J.},
    title = "{The broad line regions of NGC 4151.}",
  journal = {\aap},
   eprint = {astro-ph/9602074},
 keywords = {GALAXIES: SEYFERT, GALAXIES: ACTIVE, GALAXIES: NGC 4151},
     year = 1996,
    month = jun,
   volume = 310,
    pages = {49-65},
   adsurl = {http://adsabs.harvard.edu/abs/1996A%26A...310...49C},
  adsnote = {Provided by the SAO/NASA Astrophysics Data System}
}


@ARTICLE{reeves2003,
   author = {{Reeves}, J.~N. and {O'Brien}, P.~T. and {Ward}, M.~J.},
    title = "{A Massive X-Ray Outflow from the Quasar PDS 456}",
  journal = {\apjl},
   eprint = {astro-ph/0307127},
 keywords = {Galaxies: Active, Galaxies: Quasars: Individual: Alphanumeric: PDS 456, X-Rays: Galaxies},
     year = 2003,
    month = aug,
   volume = 593,
    pages = {L65-L68},
      doi = {10.1086/378218},
   adsurl = {http://adsabs.harvard.edu/abs/2003ApJ...593L..65R},
  adsnote = {Provided by the SAO/NASA Astrophysics Data System}
}





@ARTICLE{poundsreeves2009,
   author = {{Pounds}, K.~A. and {Reeves}, J.~N.},
    title = "{Quantifying the fast outflow in the luminous Seyfert galaxy PG1211+143}",
  journal = {\mnras},
archivePrefix = "arXiv",
   eprint = {0811.3108},
 keywords = {galaxies: active , galaxies: individual: PG1211+143 , quasars: general , galaxies: Seyfert , X-rays: galaxies},
     year = 2009,
    month = jul,
   volume = 397,
    pages = {249-257},
      doi = {10.1111/j.1365-2966.2009.14971.x},
   adsurl = {http://adsabs.harvard.edu/abs/2009MNRAS.397..249P},
  adsnote = {Provided by the SAO/NASA Astrophysics Data System}
}


@ARTICLE{hazard1963,
   author = {{Hazard}, C. and {Mackey}, M.~B. and {Shimmins}, A.~J.},
    title = "{Investigation of the Radio Source 3C 273 By The Method of Lunar Occultations}",
  journal = {\nat},
     year = 1963,
    month = mar,
   volume = 197,
    pages = {1037-1039},
      doi = {10.1038/1971037a0},
   adsurl = {http://adsabs.harvard.edu/abs/1963Natur.197.1037H},
  adsnote = {Provided by the SAO/NASA Astrophysics Data System}
}

@ARTICLE{potash1980,
   author = {{Potash}, R.~I. and {Wardle}, J.~F.~C.},
    title = "{4C 32.69 - A quasar with a radio jet}",
  journal = {\apj},
 keywords = {Quasars, Radio Jets (Astronomy), Radio Sources (Astronomy), Astronomical Maps, Fluid Pressure, High Temperature Gases, Linear Polarization, Physical Properties, Plasma Control, Radio Astronomy},
     year = 1980,
    month = jul,
   volume = 239,
    pages = {42-49},
      doi = {10.1086/158086},
   adsurl = {http://adsabs.harvard.edu/abs/1980ApJ...239...42P},
  adsnote = {Provided by the SAO/NASA Astrophysics Data System}
}


@ARTICLE{perley1984,
   author = {{Perley}, R.~A. and {Dreher}, J.~W. and {Cowan}, J.~J.},
    title = "{The jet and filaments in Cygnus A}",
  journal = {\apjl},
 keywords = {Astronomical Spectroscopy, Galactic Structure, Plasma Jets, Radio Galaxies, Interferometry, Radiant Flux Density, Spectral Energy Distribution},
     year = 1984,
    month = oct,
   volume = 285,
    pages = {L35-L38},
      doi = {10.1086/184360},
   adsurl = {http://adsabs.harvard.edu/abs/1984ApJ...285L..35P},
  adsnote = {Provided by the SAO/NASA Astrophysics Data System}
}

@ARTICLE{bowler2014,
   author = {{Bowler}, R.~A.~A. and {Hewett}, P.~C. and {Allen}, J.~T. and 
	{Ferland}, G.~J.},
    title = "{Line-driven radiative outflows in luminous quasars}",
  journal = {\mnras},
archivePrefix = "arXiv",
   eprint = {1408.5808},
 keywords = {galaxies: active, quasars: absorption lines},
     year = 2014,
    month = nov,
   volume = 445,
    pages = {359-377},
      doi = {10.1093/mnras/stu1730},
   adsurl = {http://adsabs.harvard.edu/abs/2014MNRAS.445..359B},
  adsnote = {Provided by the SAO/NASA Astrophysics Data System}
}


@ARTICLE{odowd2015,
   author = {{O'Dowd}, M.~J. and {Bate}, N.~F. and {Webster}, R.~L. and {Labrie}, K. and 
	{Rogers}, J.},
    title = "{Microlensing Constraints on Broad Absorption and Emission Line Flows in the Quasar H1413+117}",
  journal = {ArXiv e-prints},
archivePrefix = "arXiv",
   eprint = {1504.07160},
 keywords = {Astrophysics - Astrophysics of Galaxies},
     year = 2015,
    month = apr,
   adsurl = {http://adsabs.harvard.edu/abs/2015arXiv150407160O},
  adsnote = {Provided by the SAO/NASA Astrophysics Data System}
}



%%%%%%%%%%%%%%%%%%%%%% RADIATIVE TRANSFER
@ARTICLE{harropallinwarner1996,
   author = {{Harrop-Allin}, M.~K. and {Warner}, B.},
    title = "{Accretion disc radii in eclipsing cataclysmic variables}",
  journal = {\mnras},
 keywords = {ACCRETION, ACCRETION DISCS, BINARIES: ECLIPSING, NOVAE, CATACLYSMIC VARIABLES},
     year = 1996,
    month = mar,
   volume = 279,
    pages = {219-228},
   adsurl = {http://adsabs.harvard.edu/abs/1996MNRAS.279..219H},
  adsnote = {Provided by the SAO/NASA Astrophysics Data System}
}

@ARTICLE{kromersim2009,
   author = {{Kromer}, M. and {Sim}, S.~A.},
    title = "{Time-dependent three-dimensional spectrum synthesis for Type Ia supernovae}",
  journal = {\mnras},
archivePrefix = "arXiv",
   eprint = {0906.3152},
 primaryClass = "astro-ph.HE",
 keywords = {radiative transfer , methods: numerical , supernovae: general},
     year = 2009,
    month = oct,
   volume = 398,
    pages = {1809-1826},
      doi = {10.1111/j.1365-2966.2009.15256.x},
   adsurl = {http://adsabs.harvard.edu/abs/2009MNRAS.398.1809K},
  adsnote = {Provided by the SAO/NASA Astrophysics Data System}
}

@BOOK{sobolev1960,
   author = {{Sobolev}, V.~V.},
    title = "{Moving envelopes of stars}",
 keywords = {CIRCUMSTELLAR ENVELOPES},
booktitle = {Cambridge: Harvard University Press, 1960},
     year = 1960,
   adsurl = {http://adsabs.harvard.edu/abs/1960mes..book.....S},
  adsnote = {Provided by the SAO/NASA Astrophysics Data System}
}


@ARTICLE{sobolev1957,
   author = {{Sobolev}, V.~V.},
    title = "{The Diffusion of L{$\alpha$} Radiation in Nebulae and Stellar Envelopes.}",
  journal = {SvA},
     year = 1957,
    month = oct,
   volume = 1,
    pages = {678},
   adsurl = {http://adsabs.harvard.edu/abs/1957SvA.....1..678S},
  adsnote = {Provided by the SAO/NASA Astrophysics Data System}
}

@ARTICLE{rybickihummer1978,
   author = {{Rybicki}, G.~B. and {Hummer}, D.~G.},
    title = "{A generalization of the Sobolev method for flows with nonlocal radiative coupling}",
  journal = {\apj},
 keywords = {Atmospheric Circulation, Flow Velocity, Radiative Transfer, Stellar Atmospheres, Coupling, Iteration, Mathematical Models, Monotone Functions, Velocity Distribution},
     year = 1978,
    month = jan,
   volume = 219,
    pages = {654-675},
      doi = {10.1086/155826},
   adsurl = {http://adsabs.harvard.edu/abs/1978ApJ...219..654R},
  adsnote = {Provided by the SAO/NASA Astrophysics Data System}
}

@ARTICLE{hartley2005,
   author = {{Hartley}, L.~E. and {Murray}, J.~R. and {Drew}, J.~E. and {Long}, K.~S.
	},
    title = "{Spiral waves and the secondary star in the nova-like variable V3885 Sgr}",
  journal = {\mnras},
   eprint = {astro-ph/0507495},
 keywords = {accretion, accretion discs, line: profiles, binaries: close, binaries: spectroscopic, stars: individual: V3885 Sgr, novae, cataclysmic variables},
     year = 2005,
    month = oct,
   volume = 363,
    pages = {285-292},
      doi = {10.1111/j.1365-2966.2005.09447.x},
   adsurl = {http://adsabs.harvard.edu/abs/2005MNRAS.363..285H},
  adsnote = {Provided by the SAO/NASA Astrophysics Data System}
}




@ARTICLE{walker1963,
   author = {{Walker}, M.~F.},
    title = "{Photoelectric Observations of RW Trianguli.}",
  journal = {\apj},
     year = 1963,
    month = feb,
   volume = 137,
    pages = {485},
      doi = {10.1086/147523},
   adsurl = {http://adsabs.harvard.edu/abs/1963ApJ...137..485W},
  adsnote = {Provided by the SAO/NASA Astrophysics Data System}
}



@ARTICLE{Schwarzenberg-Czerny1977,
   author = {{Schwarzenberg-Czerny}, A. and {R{\'o}zyczka}, M.},
    title = "{Theoretical UBV colours of accretion discs in cataclysmic variables.}",
  journal = {\actaa},
     year = 1977,
   volume = 27,
    pages = {429-436},
   adsurl = {http://adsabs.harvard.edu/abs/1977AcA....27..429S},
  adsnote = {Provided by the SAO/NASA Astrophysics Data System}
}




@ARTICLE{proga1998,
   author = {{Proga}, D. and {Stone}, J.~M. and {Drew}, J.~E.},
    title = "{Radiation-driven winds from luminous accretion discs}",
  journal = {\mnras},
   eprint = {astro-ph/9710305},
 keywords = {Accretion Disks, Stellar Winds, Hydrodynamics, Radiation Pressure, Time Dependence, Cataclysmic Variables},
     year = 1998,
    month = apr,
   volume = 295,
    pages = {595},
      doi = {10.1046/j.1365-8711.1998.01337.x},
   adsurl = {http://adsabs.harvard.edu/abs/1998MNRAS.295..595P},
  adsnote = {Provided by the SAO/NASA Astrophysics Data System}
}

@ARTICLE{proga2002,
   author = {{Proga}, D. and {Kallman}, T.~R. and {Drew}, J.~E. and {Hartley}, L.~E.
  },
    title = "{Resonance Line Profile Calculations Based on Hydrodynamical Models of Cataclysmic Variable Winds}",
  journal = {\apj},
   eprint = {astro-ph/0202384},
 keywords = {Accretion, Accretion Disks, Methods: Numerical, Stars: Novae, Cataclysmic Variables, Stars: Winds, Outflows},
     year = 2002,
    month = jun,
   volume = 572,
    pages = {382-391},
      doi = {10.1086/340339},
   adsurl = {http://adsabs.harvard.edu/abs/2002ApJ...572..382P},
  adsnote = {Provided by the SAO/NASA Astrophysics Data System}
}



@ARTICLE{prinja2000,
   author = {{Prinja}, R.~K. and {Ringwald}, F.~A. and {Wade}, R.~A. and 
	{Knigge}, C.},
    title = "{HST ultraviolet observations of rapid variability in the accretion-disc wind of BZ Cam}",
  journal = {\mnras},
 keywords = {ACCRETION, ACCRETION DISCS, STARS: INDIVIDUAL: BZ CAM, STARS: MASS-LOSS, NOVAE, CATACLYSMIC VARIABLES, ULTRAVIOLET: STARS},
     year = 2000,
    month = feb,
   volume = 312,
    pages = {316-326},
      doi = {10.1046/j.1365-8711.2000.03111.x},
   adsurl = {http://adsabs.harvard.edu/abs/2000MNRAS.312..316P},
  adsnote = {Provided by the SAO/NASA Astrophysics Data System}
}

@ARTICLE{heap1978,
   author = {{Heap}, S.~R. and {Boggess}, A. and {Holm}, A. and {Klinglesmith}, D.~A. and 
	{Sparks}, W. and {West}, D. and {Wu}, C.~C. and {Boksenberg}, A. and 
	{Willis}, A. and {Wilson}, R. and {Macchetto}, F. and {Selvelli}, P.~O. and 
	{Stickland}, D. and {Greenstein}, J.~L. and {Hutchings}, J.~B. and 
	{Underhill}, A.~B. and {Viotti}, R. and {Whelan}, J.~A.~J.},
    title = "{IUE observations of hot stars - HZ43, BD +75 deg 325, NGC 6826, SS Cygni, Eta Carinae}",
  journal = {\nat},
 keywords = {Hot Stars, Iue, Novae, Planetary Nebulae, Stellar Spectra, Ultraviolet Astronomy, Absorption Spectra, Data Reduction, Spaceborne Astronomy, Spectral Energy Distribution, Stellar Spectrophotometry, White Dwarf Stars},
     year = 1978,
    month = oct,
   volume = 275,
    pages = {385-388},
      doi = {10.1038/275385a0},
   adsurl = {http://adsabs.harvard.edu/abs/1978Natur.275..385H},
  adsnote = {Provided by the SAO/NASA Astrophysics Data System}
}


@ARTICLE{neustroev2011,
   author = {{Neustroev}, V.~V. and {Suleimanov}, V.~F. and {Borisov}, N.~V. and 
    {Belyakov}, K.~V. and {Shearer}, A.},
    title = "{Dark spot, spiral waves and the SW Sextantis behaviour: it is all about UX Ursae Majoris}",
  journal = {\mnras},
archivePrefix = "arXiv",
   eprint = {1006.3106},
 primaryClass = "astro-ph.SR",
 keywords = {accretion, accretion discs, methods: observational, binaries: close, stars: individual: UX Ursae Majoris, novae, cataclysmic variables},
     year = 2011,
    month = jan,
   volume = 410,
    pages = {963-977},
      doi = {10.1111/j.1365-2966.2010.17495.x},
   adsurl = {http://adsabs.harvard.edu/abs/2011MNRAS.410..963N},
  adsnote = {Provided by the SAO/NASA Astrophysics Data System}
}
@ARTICLE{ladous1989,
   author = {{La Dous}, C.},
    title = "{Synthetic optical and ultraviolet spectra of stationary accretion disks}",
  journal = {\aap},
 keywords = {Absorption Spectra, Accretion Disks, Cataclysmic Variables, Ultraviolet Spectra, Visible Spectrum, Dwarf Novae, Line Spectra, Optical Thickness, Stellar Atmospheres, Stellar Spectrophotometry, White Dwarf Stars},
     year = 1989,
    month = feb,
   volume = 211,
    pages = {131-155},
   adsurl = {http://cdsads.u-strasbg.fr/abs/1989A%26A...211..131L},
  adsnote = {Provided by the SAO/NASA Astrophysics Data System}
}

@ARTICLE{cordovamason1985,
   author = {{Cordova}, F.~A. and {Mason}, K.~O.},
    title = "{High-velocity winds in close binaries with accretion disks. II - The view along the plane of the disk}",
  journal = {\apj},
 keywords = {Eclipsing Binary Stars, Light Curve, Line Spectra, Stellar Mass Accretion, Stellar Spectrophotometry, Ultraviolet Spectra, Cataclysmic Variables, Iue, Photoionization, Wavelengths},
     year = 1985,
    month = mar,
   volume = 290,
    pages = {671-682},
      doi = {10.1086/163024},
   adsurl = {http://adsabs.harvard.edu/abs/1985ApJ...290..671C},
  adsnote = {Provided by the SAO/NASA Astrophysics Data System}
}

@ARTICLE{patterson1996,
   author = {{Patterson}, J. and {Patino}, R. and {Thorstensen}, J.~R. and 
  {Harvey}, D. and {Skillman}, D.~R. and {Ringwald}, F.~A.},
    title = "{Periods and Quasiperiods in the Cataclysmic Variable BZ Camelopardalis}",
  journal = {\aj},
 keywords = {CATACLYSMIC VARIABLES, STARS: INDIVIDUAL: BZ CAMELOPARDALIS, STARS: OSCILLATIONS},
     year = 1996,
    month = jun,
   volume = 111,
    pages = {2422},
      doi = {10.1086/117976},
   adsurl = {http://adsabs.harvard.edu/abs/1996AJ....111.2422P},
  adsnote = {Provided by the SAO/NASA Astrophysics Data System}
}


%%%%%%%%%%%%%%%%%%%%%%% AGN

@ARTICLE{peterson1998,
   author = {{Peterson}, B.~M.},
    title = "{Reverberation mapping of active nuclei}",
  journal = {Advances in Space Research},
     year = 1998,
   volume = 21,
    pages = {57-66},
      doi = {10.1016/S0273-1177(97)00614-5},
   adsurl = {http://adsabs.harvard.edu/abs/1998AdSpR..21...57P},
  adsnote = {Provided by the SAO/NASA Astrophysics Data System}
}


%
% Chris reynolds paper on compston thick winds close in. discussed in telecon
%
@ARTICLE{reynolds2012,
   author = {{Reynolds}, C.~S.},
    title = "{Constraints on Compton-thick winds from black hole accretion disks: can we see the inner disk?}",
  journal = {ArXiv e-prints},
archivePrefix = "arXiv",
   eprint = {1210.3029},
 primaryClass = "astro-ph.HE",
 keywords = {Astrophysics - High Energy Astrophysical Phenomena},
     year = 2012,
    month = oct,
   adsurl = {http://adsabs.harvard.edu/abs/2012arXiv1210.3029R},
  adsnote = {Provided by the SAO/NASA Astrophysics Data System}
}


@ARTICLE{drew1987,
   author = {{Drew}, J.~E.},
    title = "{Inclination and orbital-phase-dependent resonance line-profile calculations applied to cataclysmic variable winds}",
  journal = {\mnras},
 keywords = {Cataclysmic Variables, Orbital Resonances (Celestial Mechanics), Resonance Lines, Stellar Orbits, Stellar Spectra, Stellar Winds, Ultraviolet Spectra, Accretion Disks, Dwarf Novae, Eclipsing Binary Stars, Inclination, Light Curve, Stellar Mass Ejection},
     year = 1987,
    month = feb,
   volume = 224,
    pages = {595-632},
   adsurl = {http://adsabs.harvard.edu/abs/1987MNRAS.224..595D},
  adsnote = {Provided by the SAO/NASA Astrophysics Data System}
}


@ARTICLE{seaton1959,
   author = {{Seaton}, M.~J.},
    title = "{The solution of capture-cascade equations for hydrogen}",
  journal = {\mnras},
     year = 1959,
   volume = 119,
    pages = {90},
   adsurl = {http://adsabs.harvard.edu/abs/1959MNRAS.119...90S},
  adsnote = {Provided by the SAO/NASA Astrophysics Data System}
}


@ARTICLE{MC97,
   author = {{Murray}, N. and {Chiang}, J.},
    title = "{Disk Winds and Disk Emission Lines}",
  journal = {\apj},
 keywords = {Accretion, Accretion Disks, Galaxies: Active, Line: Formation, Stars: Novae, Cataclysmic Variables},
     year = 1997,
    month = jan,
   volume = 474,
    pages = {91-103},
   adsurl = {http://adsabs.harvard.edu/abs/1997ApJ...474...91M},
  adsnote = {Provided by the SAO/NASA Astrophysics Data System}
}


@ARTICLE{puebla2011,
   author = {{Puebla}, R.~E. and {Diaz}, M.~P. and {Hillier}, D.~J. and {Hubeny}, I.
  },
    title = "{A Method for the Study of Accretion Disk Emission in Cataclysmic Variables. I. The Model}",
  journal = {\apj},
archivePrefix = "arXiv",
   eprint = {1105.0851},
 primaryClass = "astro-ph.SR",
 keywords = {accretion, accretion disks, novae, cataclysmic variables, stars: mass-loss, ultraviolet: general},
     year = 2011,
    month = jul,
   volume = 736,
      eid = {17},
    pages = {17},
      doi = {10.1088/0004-637X/736/1/17},
   adsurl = {http://adsabs.harvard.edu/abs/2011ApJ...736...17P},
  adsnote = {Provided by the SAO/NASA Astrophysics Data System}
}

@ARTICLE{kafka2004,
   author = {{Kafka}, S. and {Honeycutt}, R.~K.},
    title = "{Detecting Outflows from Cataclysmic Variables in the Optical}",
  journal = {\aj},
 keywords = {Stars: Binaries: Close, Stars: Novae, Cataclysmic Variables, Stars: Fundamental Parameters},
     year = 2004,
    month = nov,
   volume = 128,
    pages = {2420-2429},
      doi = {10.1086/424618},
   adsurl = {http://adsabs.harvard.edu/abs/2004AJ....128.2420K},
  adsnote = {Provided by the SAO/NASA Astrophysics Data System}
}



@ARTICLE{sim2004,
   author = {{Sim}, S.~A.},
    title = "{Mass-loss rates for hot luminous stars: the influence of line branching}",
  journal = {\mnras},
   eprint = {astro-ph/0401149},
 keywords = {radiative transfer, methods: numerical, stars: individual: {$\zeta$} Pup, stars: mass-loss, stars: Wolf-Rayet},
     year = 2004,
    month = apr,
   volume = 349,
    pages = {899-908},
      doi = {10.1111/j.1365-2966.2004.07562.x},
   adsurl = {http://adsabs.harvard.edu/abs/2004MNRAS.349..899S},
  adsnote = {Provided by the SAO/NASA Astrophysics Data System}
}


@ARTICLE{tatum2012,
   author = {{Tatum}, M.~M. and {Turner}, T.~J. and {Sim}, S.~A. and {Miller}, L. and 
  {Reeves}, J.~N. and {Patrick}, A.~R. and {Long}, K.~S.},
    title = "{Modeling the Fe K Line Profiles in Type I Active Galactic Nuclei with a Compton-thick Disk Wind}",
  journal = {\apj},
archivePrefix = "arXiv",
   eprint = {1204.2535},
 primaryClass = "astro-ph.CO",
 keywords = {accretion, accretion disks, galaxies: active, X-rays: galaxies},
     year = 2012,
    month = jun,
   volume = 752,
      eid = {94},
    pages = {94},
      doi = {10.1088/0004-637X/752/2/94},
   adsurl = {http://adsabs.harvard.edu/abs/2012ApJ...752...94T},
  adsnote = {Provided by the SAO/NASA Astrophysics Data System}
}



@ARTICLE{kasen2006,
   author = {{Kasen}, D. and {Thomas}, R.~C. and {Nugent}, P.},
    title = "{Time-dependent Monte Carlo Radiative Transfer Calculations for Three-dimensional Supernova Spectra, Light Curves, and Polarization}",
  journal = {\apj},
   eprint = {astro-ph/0606111},
 keywords = {Polarization, Radiative Transfer, Stars: Supernovae: General},
     year = 2006,
    month = nov,
   volume = 651,
    pages = {366-380},
      doi = {10.1086/506190},
   adsurl = {http://adsabs.harvard.edu/abs/2006ApJ...651..366K},
  adsnote = {Provided by the SAO/NASA Astrophysics Data System}
}



@ARTICLE{carciofibjorkman2006,
   author = {{Carciofi}, A.~C. and {Bjorkman}, J.~E.},
    title = "{Non-LTE Monte Carlo Radiative Transfer. I. The Thermal Properties of Keplerian Disks around Classical Be Stars}",
  journal = {\apj},
   eprint = {astro-ph/0511228},
 keywords = {Stars: Circumstellar Matter, Radiative Transfer, Stars: Emission-Line, Be},
     year = 2006,
    month = mar,
   volume = 639,
    pages = {1081-1094},
      doi = {10.1086/499483},
   adsurl = {http://adsabs.harvard.edu/abs/2006ApJ...639.1081C},
  adsnote = {Provided by the SAO/NASA Astrophysics Data System}
}


@ARTICLE{elitzur1983,
   author = {{Elitzur}, M. and {Ferland}, G.~J. and {Mathews}, S.~G. and 
  {Shields}, G.~A.},
    title = "{Stimulated emission and the flat Balmer decrements of cataclysmic variable stars}",
  journal = {\apjl},
 keywords = {Balmer Series, Emission Spectra, Stellar Spectra, Variable Stars, Binary Stars, Electron Density (Concentration), Electron Energy, Gas Density, H Lines, Hydrogen},
     year = 1983,
    month = sep,
   volume = 272,
    pages = {L55-L59},
      doi = {10.1086/184116},
   adsurl = {http://adsabs.harvard.edu/abs/1983ApJ...272L..55E},
  adsnote = {Provided by the SAO/NASA Astrophysics Data System}
}


%
% standard CV winds ref
%
@ARTICLE{cordova1982,
   author = {{Cordova}, F.~A. and {Mason}, K.~O.},
    title = "{High-velocity winds from a dwarf nova during outburst}",
  journal = {\apj},
 keywords = {DWARF NOVAE, STELLAR MASS EJECTION, STELLAR WINDS, ULTRAVIOLET SPECTRA, VARIABLE STARS, ABSORPTION SPECTRA, BINARY STARS, BURSTS, IUE, STELLAR LUMINOSITY, STELLAR SPECTRA, WIND VELOCITY},
     year = 1982,
    month = sep,
   volume = 260,
    pages = {716-721},
      doi = {10.1086/160291},
   adsurl = {http://adsabs.harvard.edu/abs/1982ApJ...260..716C},
  adsnote = {Provided by the SAO/NASA Astrophysics Data System}
}

@ARTICLE{linnell2010,
   author = {{Linnell}, A.~P. and {Godon}, P. and {Hubeny}, I. and {Sion}, E.~M. and 
  {Szkody}, P.},
    title = "{The Anomalous Accretion Disk of the Cataclysmic Variable RW Sextantis}",
  journal = {\apj},
archivePrefix = "arXiv",
   eprint = {1006.2832},
 primaryClass = "astro-ph.SR",
 keywords = {novae, cataclysmic variables, stars: individual: constellation name: RW Sextantis, white dwarfs},
     year = 2010,
    month = aug,
   volume = 719,
    pages = {271-286},
      doi = {10.1088/0004-637X/719/1/271},
   adsurl = {http://adsabs.harvard.edu/abs/2010ApJ...719..271L},
  adsnote = {Provided by the SAO/NASA Astrophysics Data System}
}

@ARTICLE{smak1981,
   author = {{Smak}, J.},
    title = "{On the Emission Lines from Rotating Gaseous Disks}",
  journal = {\actaa},
     year = 1981,
   volume = 31,
    pages = {395},
   adsurl = {http://adsabs.harvard.edu/abs/1981AcA....31..395S},
  adsnote = {Provided by the SAO/NASA Astrophysics Data System}
}

@ARTICLE{hornemarsh1986,
   author = {{Horne}, K. and {Marsh}, T.~R.},
    title = "{Emission line formation in accretion discs}",
  journal = {\mnras},
 keywords = {Accretion Disks, Emission Spectra, Line Shape, Line Spectra, Optical Thickness, Spectrum Analysis, Balmer Series, Computational Astrophysics, Doppler Effect, Dwarf Novae, Kepler Laws, Shear Flow, Velocity Distribution},
     year = 1986,
    month = feb,
   volume = 218,
    pages = {761-773},
   adsurl = {http://adsabs.harvard.edu/abs/1986MNRAS.218..761H},
  adsnote = {Provided by the SAO/NASA Astrophysics Data System}
}



@ARTICLE{lyndenbell1974,
   author = {{Lynden-Bell}, D. and {Pringle}, J.~E.},
    title = "{The evolution of viscous discs and the origin of the nebular variables.}",
  journal = {\mnras},
     year = 1974,
    month = sep,
   volume = 168,
    pages = {603-637},
   adsurl = {http://adsabs.harvard.edu/abs/1974MNRAS.168..603L},
  adsnote = {Provided by the SAO/NASA Astrophysics Data System}
}


%% hoare and drew, zanstra method
@ARTICLE{hoare1991,
   author = {{Hoare}, M.~G. and {Drew}, J.~E.},
    title = "{Boundary-layer temperatures in high accretion rate cataclysmic variables}",
  journal = {\mnras},
 keywords = {Accretion Disks, Cataclysmic Variables, Dwarf Novae, Radiative Recombination, Stellar Envelopes, Boundary Layers, Stellar Winds, Temperature Distribution, White Dwarf Stars, X Ray Spectra},
     year = 1991,
    month = apr,
   volume = 249,
    pages = {452-459},
   adsurl = {http://cdsads.u-strasbg.fr/abs/1991MNRAS.249..452H},
  adsnote = {Provided by the SAO/NASA Astrophysics Data System}
}


% fender book on XRB jets
@INBOOK{fender2006,
   author = {{Fender}, R.},
    title = "{Jets from X-ray binaries}",
 keywords = {X-Ray Binaries, Jets},
booktitle = {Compact stellar X-ray sources},
     year = 2006,
    month = apr,
   editor = {{Lewin}, W.~H.~G. and {van der Klis}, M.},
    pages = {381-419},
   adsurl = {http://adsabs.harvard.edu/abs/2006csxs.book..381F},
  adsnote = {Provided by the SAO/NASA Astrophysics Data System}
}


%
% NSH AGN paper 1
%
@ARTICLE{higginbottom2013,
   author = {{Higginbottom}, N. and {Knigge}, C. and {Long}, K.~S. and {Sim}, S.~A. and 
  {Matthews}, J.~H.},
    title = "{A simple disc wind model for broad absorption line quasars}",
  journal = {\mnras},
archivePrefix = "arXiv",
   eprint = {1308.5973},
 primaryClass = "astro-ph.CO",
 keywords = {radiative transfer, methods: numerical, galaxies: active, quasars: absorption lines, quasars: general},
     year = 2013,
    month = dec,
   volume = 436,
    pages = {1390-1407},
      doi = {10.1093/mnras/stt1658},
   adsurl = {http://adsabs.harvard.edu/abs/2013MNRAS.436.1390H},
  adsnote = {Provided by the SAO/NASA Astrophysics Data System}
}

@INPROCEEDINGS{higginbottom2012,
   author = {{Higginbottom}, N. and {Long}, K.~S. and {Knigge}, C. and {Sim}, S.~A.
	},
    title = "{Modelling the Spectra of (BAL)QSOs}",
booktitle = {AGN Winds in Charleston},
     year = 2012,
   series = {Astronomical Society of the Pacific Conference Series},
   volume = 460,
archivePrefix = "arXiv",
   eprint = {1112.3809},
 primaryClass = "astro-ph.CO",
   editor = {{Chartas}, G. and {Hamann}, F. and {Leighly}, K.~M.},
    month = aug,
    pages = {194},
   adsurl = {http://adsabs.harvard.edu/abs/2012ASPC..460..194H},
  adsnote = {Provided by the SAO/NASA Astrophysics Data System}
}



%% BLR in NLSI
@ARTICLE{pancoast2012,
   author = {{Pancoast}, A. and {Brewer}, B.~J. and {Treu}, T. and {Barth}, A.~J. and 
	{Bennert}, V.~N. and {Canalizo}, G. and {Filippenko}, A.~V. and 
	{Gates}, E.~L. and {Greene}, J.~E. and {Li}, W. and {Malkan}, M.~A. and 
	{Sand}, D.~J. and {Stern}, D. and {Woo}, J.-H. and {Assef}, R.~J. and 
	{Bae}, H.-J. and {Buehler}, T. and {Cenko}, S.~B. and {Clubb}, K.~I. and 
	{Cooper}, M.~C. and {Diamond-Stanic}, A.~M. and {Hiner}, K.~D. and 
	{H{\"o}nig}, S.~F. and {Joner}, M.~D. and {Kandrashoff}, M.~T. and 
	{Laney}, C.~D. and {Lazarova}, M.~S. and {Nierenberg}, A.~M. and 
	{Park}, D. and {Silverman}, J.~M. and {Son}, D. and {Sonnenfeld}, A. and 
	{Thorman}, S.~J. and {Tollerud}, E.~J. and {Walsh}, J.~L. and 
	{Walters}, R.},
    title = "{The Lick AGN Monitoring Project 2011: Dynamical Modeling of the Broad-line Region in Mrk 50}",
  journal = {\apj},
archivePrefix = "arXiv",
   eprint = {1205.3789},
 primaryClass = "astro-ph.CO",
 keywords = {galaxies: active, galaxies: individual: Mrk 50, galaxies: nuclei},
     year = 2012,
    month = jul,
   volume = 754,
      eid = {49},
    pages = {49},
      doi = {10.1088/0004-637X/754/1/49},
   adsurl = {http://adsabs.harvard.edu/abs/2012ApJ...754...49P},
  adsnote = {Provided by the SAO/NASA Astrophysics Data System}
}


%
% Composite spectra ref
%
@ARTICLE{reichard2003,
   author = {{Reichard}, T.~A. and {Richards}, G.~T. and {Hall}, P.~B. and 
	{Schneider}, D.~P. and {Vanden Berk}, D.~E. and {Fan}, X. and 
	{York}, D.~G. and {Knapp}, G.~R. and {Brinkmann}, J.},
    title = "{Continuum and Emission-Line Properties of Broad Absorption Line Quasars}",
  journal = {\aj},
   eprint = {arXiv:astro-ph/0308508},
 keywords = {Galaxies: Quasars: Absorption Lines, Galaxies: Quasars: Emission Lines, Galaxies: Quasars: General},
     year = 2003,
    month = dec,
   volume = 126,
    pages = {2594-2607},
      doi = {10.1086/379293},
   adsurl = {http://adsabs.harvard.edu/abs/2003AJ....126.2594R},
  adsnote = {Provided by the SAO/NASA Astrophysics Data System}
}

@ARTICLE{lucy1999sne,
   author = {{Lucy}, L.~B.},
    title = "{Improved Monte Carlo techniques for the spectral synthesis of supernovae}",
  journal = {\aap},
 keywords = {RADIATIVE TRANSFER, METHODS: NUMERICAL, STARS: ATMOSPHERES, STARS: SUPERNOVAE: GENERAL},
     year = 1999,
    month = may,
   volume = 345,
    pages = {211-220},
   adsurl = {http://adsabs.harvard.edu/abs/1999A%26A...345..211L},
  adsnote = {Provided by the SAO/NASA Astrophysics Data System}
}



@ARTICLE{knigge2008,
   author = {{Knigge}, C. and {Scaringi}, S. and {Goad}, M.~R. and {Cottis}, C.~E.
	},
    title = "{The intrinsic fraction of broad-absorption line quasars}",
  journal = {\mnras},
archivePrefix = "arXiv",
   eprint = {0802.3697},
 keywords = {methods: statistical , catalogues , surveys , quasars: absorption lines},
     year = 2008,
    month = may,
   volume = 386,
    pages = {1426-1435},
      doi = {10.1111/j.1365-2966.2008.13081.x},
   adsurl = {http://adsabs.harvard.edu/abs/2008MNRAS.386.1426K},
  adsnote = {Provided by the SAO/NASA Astrophysics Data System}
}



@BOOK{mihalas2,
   author = {{Mihalas}, D.~M.},
    title = "{Stellar atmospheres.}",
booktitle = {Stellar atmospheres..~D.~M.~Mihalas.~Translated from the English edition.~Mir, Moskva.~Part I.~352 pp.~Part II.~424 pp.~(1982).~In Russian.~-},
     year = 1982,
   adsurl = {http://adsabs.harvard.edu/abs/1982stat.book.....M},
  adsnote = {Provided by the SAO/NASA Astrophysics Data System}
}

@BOOK{mihalas,
   author = {{Mihalas}, D.},
    title = "{Stellar atmospheres /2nd edition/}",
 keywords = {Absorption Cross Sections, Atmospheric Models, Gray Gas, Radiative Transfer, Stellar Atmospheres, Stellar Spectra, Stellar Winds, Absorption Spectra, Atmospheric Physics, Equilibrium Equations, Line Spectra, Radiation Distribution, Stellar Radiation, Thermodynamic Equilibrium},
booktitle = {San Francisco, W.~H.~Freeman and Co., 1978.~650 p.},
     year = 1978,
   adsurl = {http://adsabs.harvard.edu/abs/1978stat.book.....M},
  adsnote = {Provided by the SAO/NASA Astrophysics Data System}
}



%
% Macro atom paper on YSOs
%
@ARTICLE{simmacro2005,
   author = {{Sim}, S.~A. and {Drew}, J.~E. and {Long}, K.~S.},
    title = "{Two-dimensional Monte Carlo simulations of HI line formation in massive young stellar object disc winds}",
  journal = {\mnras},
   eprint = {arXiv:astro-ph/0508103},
 keywords = {radiative transfer, methods: numerical, stars: early-type, stars: winds, outflows},
     year = 2005,
    month = oct,
   volume = 363,
    pages = {615-627},
      doi = {10.1111/j.1365-2966.2005.09472.x},
   adsurl = {http://adsabs.harvard.edu/abs/2005MNRAS.363..615S},
  adsnote = {Provided by the SAO/NASA Astrophysics Data System}
}


@ARTICLE{simlong2008,
   author = {{Sim}, S.~A. and {Long}, K.~S. and {Miller}, L. and {Turner}, T.~J.
	},
    title = "{Multidimensional modelling of X-ray spectra for AGN accretion disc outflows}",
  journal = {\mnras},
archivePrefix = "arXiv",
   eprint = {0805.2251},
 keywords = {radiative transfer , methods: numerical , galaxies: active , X-rays: galaxies},
     year = 2008,
    month = aug,
   volume = 388,
    pages = {611-624},
      doi = {10.1111/j.1365-2966.2008.13466.x},
   adsurl = {http://adsabs.harvard.edu/abs/2008MNRAS.388..611S},
  adsnote = {Provided by the SAO/NASA Astrophysics Data System}
}


@ARTICLE{LK02,
   author = {{Long}, K.~S. and {Knigge}, C.},
    title = "{Modeling the Spectral Signatures of Accretion Disk Winds: A New Monte Carlo Approach}",
  journal = {\apj},
   eprint = {arXiv:astro-ph/0208011},
 keywords = {Accretion, Accretion Disks, Stars: Binaries: Close, Stars: Novae, Cataclysmic Variables, Stars: Individual: Constellation Name: Z Camelopardalis, Stars: Mass Loss},
     year = 2002,
    month = nov,
   volume = 579,
    pages = {725-740},
      doi = {10.1086/342879},
   adsurl = {http://adsabs.harvard.edu/abs/2002ApJ...579..725L},
  adsnote = {Provided by the SAO/NASA Astrophysics Data System}
}



%
% 0.4 bal fraction, redshift
%
@ARTICLE{allen2011,
   author = {{Allen}, J.~T. and {Hewett}, P.~C. and {Maddox}, N. and {Richards}, G.~T. and 
	{Belokurov}, V.},
    title = "{A strong redshift dependence of the broad absorption line quasar fraction}",
  journal = {\mnras},
archivePrefix = "arXiv",
   eprint = {1007.3991},
 primaryClass = "astro-ph.CO",
 keywords = {methods: data analysis, galaxies: active, galaxies: nuclei, quasars: absorption lines, galaxies: statistics},
     year = 2011,
    month = jan,
   volume = 410,
    pages = {860-884},
      doi = {10.1111/j.1365-2966.2010.17489.x},
   adsurl = {http://adsabs.harvard.edu/abs/2011MNRAS.410..860A},
  adsnote = {Provided by the SAO/NASA Astrophysics Data System}
}

@ARTICLE{Patruno2014,
   author = {{Patruno}, A. and {Archibald}, A.~M. and {Hessels}, J.~W.~T. and 
  {Bogdanov}, S. and {Stappers}, B.~W. and {Bassa}, C.~G. and 
  {Janssen}, G.~H. and {Kaspi}, V.~M. and {Tendulkar}, S. and 
  {Lyne}, A.~G.},
    title = "{A New Accretion Disk around the Missing Link Binary System PSR J1023+0038}",
  journal = {\apjl},
archivePrefix = "arXiv",
   eprint = {1310.7549},
 primaryClass = "astro-ph.HE",
 keywords = {pulsars: individual: PSR J1023+0038, X-rays: binaries },
     year = 2014,
    month = jan,
   volume = 781,
      eid = {L3},
    pages = {L3},
      doi = {10.1088/2041-8205/781/1/L3},
   adsurl = {http://adsabs.harvard.edu/abs/2014ApJ...781L...3P},
  adsnote = {Provided by the SAO/NASA Astrophysics Data System}
}


@ARTICLE{mchardy2006,
   author = {{McHardy}, I.~M. and {Koerding}, E. and {Knigge}, C. and {Uttley}, P. and 
	{Fender}, R.~P.},
    title = "{Active galactic nuclei as scaled-up Galactic black holes}",
  journal = {\nat},
   eprint = {arXiv:astro-ph/0612273},
     year = 2006,
    month = dec,
   volume = 444,
    pages = {730-732},
      doi = {10.1038/nature05389},
   adsurl = {http://adsabs.harvard.edu/abs/2006Natur.444..730M},
  adsnote = {Provided by the SAO/NASA Astrophysics Data System}
}

@ARTICLE{elvis2000,
   author = {{Elvis}, M.},
    title = "{A Structure for Quasars}",
  journal = {\apj},
   eprint = {arXiv:astro-ph/0008064},
 keywords = {Galaxies: Quasars: Absorption Lines, Galaxies: Quasars: General},
     year = 2000,
    month = dec,
   volume = 545,
    pages = {63-76},
      doi = {10.1086/317778},
   adsurl = {http://adsabs.harvard.edu/abs/2000ApJ...545...63E},
  adsnote = {Provided by the SAO/NASA Astrophysics Data System}
}

@BOOK{osterbrock,
   author = {{Osterbrock}, D.~E.},
    title = "{Astrophysics of gaseous nebulae and active galactic nuclei}",
 keywords = {Active Galactic Nuclei, Astrophysics, Planetary Nebulae, Quasars, Seyfert Galaxies, Computational Astrophysics, Cosmic Dust, Emission Spectra, Interstellar Matter, Photoionization, Spectrum Analysis, Stellar Physics, Supernova Remnants, Thermodynamic Equilibrium},
booktitle = {Research supported by the University of California, John Simon Guggenheim Memorial Foundation, University of Minnesota, et al.~Mill Valley, CA, University Science Books, 1989, 422 p.},
     year = 1989,
   adsurl = {http://adsabs.harvard.edu/abs/1989agna.book.....O},
  adsnote = {Provided by the SAO/NASA Astrophysics Data System}
}

@ARTICLE{zanstra1929,
   author = {{Zanstra}, H.},
    title = "{Luminosity of Planetary Nebulae and Stellar Temperatures}",
  journal = {Publications of the Dominion Astrophysical Observatory Victoria},
     year = 1929,
   volume = 4,
    pages = {209},
   adsurl = {http://adsabs.harvard.edu/abs/1929PDAO....4..209Z},
  adsnote = {Provided by the SAO/NASA Astrophysics Data System}
}

%NV CIV strengths with BL temp
@ARTICLE{hoaredrew1993,
   author = {{Hoare}, M.~G. and {Drew}, J.~E.},
    title = "{The ionization state of the winds from cataclysmic variables without classical boundary layers}",
  journal = {\mnras},
 keywords = {Accretion Disks, Boundary Layers, Cataclysmic Variables, Photoionization, Stellar Models, Stellar Winds, Radiative Transfer, Resonance Lines, Ultraviolet Spectra},
     year = 1993,
    month = feb,
   volume = 260,
    pages = {647-662},
   adsurl = {http://adsabs.harvard.edu/abs/1993MNRAS.260..647H},
  adsnote = {Provided by the SAO/NASA Astrophysics Data System}
}



@ARTICLE{kordingDNjet2008,
   author = {{K{\"o}rding}, E. and {Rupen}, M. and {Knigge}, C. and {Fender}, R. and 
  {Dhawan}, V. and {Templeton}, M. and {Muxlow}, T.},
    title = "{A Transient Radio Jet in an Erupting Dwarf Nova}",
  journal = {Science},
archivePrefix = "arXiv",
   eprint = {0806.1002},
     year = 2008,
    month = jun,
   volume = 320,
    pages = {1318-},
      doi = {10.1126/science.1155492},
   adsurl = {http://adsabs.harvard.edu/abs/2008Sci...320.1318K},
  adsnote = {Provided by the SAO/NASA Astrophysics Data System}
}

@ARTICLE{kording2011,
   author = {{K{\"o}rding}, E.~G. and {Knigge}, C. and {Tzioumis}, T. and 
  {Fender}, R.},
    title = "{Detection of radio emission from a nova-like cataclysmic variable: evidence of jets?}",
  journal = {\mnras},
 keywords = {novae, cataclysmic variables, ISM: jets and outflows, radio continuum: stars},
     year = 2011,
    month = nov,
   volume = 418,
    pages = {L129-L132},
      doi = {10.1111/j.1745-3933.2011.01158.x},
   adsurl = {http://adsabs.harvard.edu/abs/2011MNRAS.418L.129K},
  adsnote = {Provided by the SAO/NASA Astrophysics Data System}
}



@ARTICLE{lucy2003,
   author = {{Lucy}, L.~B.},
    title = "{Monte Carlo transition probabilities. II.}",
  journal = {\aap},
   eprint = {arXiv:astro-ph/0303202},
 keywords = {methods: numerical, radiative transfer, stars: atmospheres, stars: supernovae: general, line: formation},
     year = 2003,
    month = may,
   volume = 403,
    pages = {261-275},
      doi = {10.1051/0004-6361:20030357},
   adsurl = {http://adsabs.harvard.edu/abs/2003A%26A...403..261L},
  adsnote = {Provided by the SAO/NASA Astrophysics Data System}
}


@ARTICLE{lucy2002,
   author = {{Lucy}, L.~B.},
    title = "{Monte Carlo transition probabilities}",
  journal = {\aap},
   eprint = {arXiv:astro-ph/0107377},
 keywords = {METHODS: NUMERICAL, RADIATIVE TRANSFER, STARS: ATMOSPHERES, LINE: FORMATION},
     year = 2002,
    month = mar,
   volume = 384,
    pages = {725-735},
      doi = {10.1051/0004-6361:20011756},
   adsurl = {http://adsabs.harvard.edu/abs/2002A%26A...384..725L},
  adsnote = {Provided by the SAO/NASA Astrophysics Data System}
}

@ARTICLE{lucy1993wolfrayet,
   author = {{Lucy}, L.~B. and {Abbott}, D.~C.},
    title = "{Multiline transfer and the dynamics of Wolf-Rayet winds}",
  journal = {\apj},
 keywords = {MASS FLOW, MONTE CARLO METHOD, RADIATIVE TRANSFER, STELLAR WINDS, WOLF-RAYET STARS, ASTRONOMICAL MODELS, ELECTRON SCATTERING, LINE SPECTRA, LUMINOSITY, PHOTOIONIZATION, RADIATION PRESSURE, STRATIFICATION},
     year = 1993,
    month = mar,
   volume = 405,
    pages = {738-746},
      doi = {10.1086/172402},
   adsurl = {http://adsabs.harvard.edu/abs/1993ApJ...405..738L},
  adsnote = {Provided by the SAO/NASA Astrophysics Data System}
}


@ARTICLE{AL85,
   author = {{Abbott}, D.~C. and {Lucy}, L.~B.},
    title = "{Multiline transfer and the dynamics of stellar winds}",
  journal = {\apj},
 keywords = {COMPUTATIONAL ASTROPHYSICS, EARLY STARS, RADIATIVE TRANSFER, STELLAR SPECTRA, STELLAR WINDS, ATOMIC ENERGY LEVELS, LINE SPECTRA, MONTE CARLO METHOD, PARTICLE ACCELERATION, STELLAR MASS EJECTION, ULTRAVIOLET SPECTRA},
     year = 1985,
    month = jan,
   volume = 288,
    pages = {679-693},
      doi = {10.1086/162834},
   adsurl = {http://adsabs.harvard.edu/abs/1985ApJ...288..679A},
  adsnote = {Provided by the SAO/NASA Astrophysics Data System}
}

@ARTICLE{lucy1999radeq,
   author = {{Lucy}, L.~B.},
    title = "{Computing radiative equilibria with Monte Carlo techniques}",
  journal = {\aap},
 keywords = {RADIATIVE TRANSFER, METHODS: NUMERICAL, STARS: ATMOSPHERES},
     year = 1999,
    month = apr,
   volume = 344,
    pages = {282-288},
   adsurl = {http://adsabs.harvard.edu/abs/1999A%26A...344..282L},
  adsnote = {Provided by the SAO/NASA Astrophysics Data System}
}


@ARTICLE{shaviv1991,
   author = {{Shaviv}, G. and {Wehrse}, R.},
    title = "{Continuous energy distributions of accretion discs}",
  journal = {\aap},
 keywords = {Accretion Disks, Cataclysmic Variables, Spectral Energy Distribution, White Dwarf Stars, Astronomical Models, Novae, Radiative Transfer, Stellar Atmospheres},
     year = 1991,
    month = nov,
   volume = 251,
    pages = {117-132},
   adsurl = {http://adsabs.harvard.edu/abs/1991A%26A...251..117S},
  adsnote = {Provided by the SAO/NASA Astrophysics Data System}
}


@ARTICLE{ML93,
   author = {{Mazzali}, P.~A. and {Lucy}, L.~B.},
    title = "{The application of Monte Carlo methods to the synthesis of early-time supernovae spectra}",
  journal = {\aap},
 keywords = {MONTE CARLO METHOD, RADIATIVE TRANSFER, STELLAR ENVELOPES, STELLAR MODELS, STELLAR SPECTRA, SUPERNOVAE, COMPUTERIZED SIMULATION, LINE SPECTRA, MATHEMATICAL MODELS, PHOTOIONIZATION, PHOTOSPHERE, STELLAR LUMINOSITY},
     year = 1993,
    month = nov,
   volume = 279,
    pages = {447-456},
   adsurl = {http://adsabs.harvard.edu/abs/1993A%26A...279..447M},
  adsnote = {Provided by the SAO/NASA Astrophysics Data System}
}

%% fender ref for xrb jets
@INBOOK{fenderbook2006,
   author = {{Fender}, R.},
    title = "{Jets from X-ray binaries}",
 keywords = {X-Ray Binaries, Jets},
booktitle = {Compact stellar X-ray sources},
     year = 2006,
    month = apr,
   editor = {{Lewin}, W.~H.~G. and {van der Klis}, M.},
    pages = {381-419},
   adsurl = {http://adsabs.harvard.edu/abs/2006csxs.book..381F},
  adsnote = {Provided by the SAO/NASA Astrophysics Data System}
}

%% lada reference for yso winds
@ARTICLE{lada1985,
   author = {{Lada}, C.~J.},
    title = "{Cold outflows, energetic winds, and enigmatic jets around young stellar objects}",
  journal = {\araa},
 keywords = {JET FLOW, STELLAR ENVELOPES, STELLAR EVOLUTION, STELLAR MASS EJECTION, STELLAR WINDS, ASTRONOMICAL CATALOGS, ASTROPHYSICS, HERBIG-HARO OBJECTS, MOLECULAR CLOUDS, T TAURI STARS, WATER MASERS},
     year = 1985,
   volume = 23,
    pages = {267-317},
      doi = {10.1146/annurev.aa.23.090185.001411},
   adsurl = {http://adsabs.harvard.edu/abs/1985ARA%26A..23..267L},
  adsnote = {Provided by the SAO/NASA Astrophysics Data System}
}




%% kellerman for ubiquitous outflows
@ARTICLE{kellerman1989,
   author = {{Kellermann}, K.~I. and {Sramek}, R. and {Schmidt}, M. and {Shaffer}, D.~B. and 
	{Green}, R.},
    title = "{VLA observations of objects in the Palomar Bright Quasar Survey}",
  journal = {\aj},
 keywords = {ASTRONOMICAL CATALOGS, QUASARS, RADIO SOURCES (ASTRONOMY), VERY LARGE ARRAY (VLA), CENTIMETER WAVES, DATA SAMPLING, LUMINOSITY, RADIANT FLUX DENSITY},
     year = 1989,
    month = oct,
   volume = 98,
    pages = {1195-1207},
      doi = {10.1086/115207},
   adsurl = {http://adsabs.harvard.edu/abs/1989AJ.....98.1195K},
  adsnote = {Provided by the SAO/NASA Astrophysics Data System}
}


%% fraction of quasars with outflows
@ARTICLE{ganguly2008,
   author = {{Ganguly}, R. and {Brotherton}, M.~S.},
    title = "{On the Fraction of Quasars with Outflows}",
  journal = {\apj},
archivePrefix = "arXiv",
   eprint = {0710.0588},
 keywords = {Accretion, Accretion Disks, Galaxies: Active, Galaxies: Quasars: Absorption Lines, Galaxies: Quasars: General},
     year = 2008,
    month = jan,
   volume = 672,
    pages = {102-107},
      doi = {10.1086/524106},
   adsurl = {http://adsabs.harvard.edu/abs/2008ApJ...672..102G},
  adsnote = {Provided by the SAO/NASA Astrophysics Data System}
}

%% fabian 2012 review paper on agn feedback
@ARTICLE{fabian2012,
   author = {{Fabian}, A.~C.},
    title = "{Observational Evidence of Active Galactic Nuclei Feedback}",
  journal = {\araa},
archivePrefix = "arXiv",
   eprint = {1204.4114},
 primaryClass = "astro-ph.CO",
     year = 2012,
    month = sep,
   volume = 50,
    pages = {455-489},
      doi = {10.1146/annurev-astro-081811-125521},
   adsurl = {http://adsabs.harvard.edu/abs/2012ARA%26A..50..455F},
  adsnote = {Provided by the SAO/NASA Astrophysics Data System}
}


@ARTICLE{kormendy2013,
   author = {{Kormendy}, J. and {Ho}, L.~C.},
    title = "{Coevolution (Or Not) of Supermassive Black Holes and Host Galaxies}",
  journal = {\araa},
archivePrefix = "arXiv",
   eprint = {1304.7762},
     year = 2013,
    month = aug,
   volume = 51,
    pages = {511-653},
      doi = {10.1146/annurev-astro-082708-101811},
   adsurl = {http://adsabs.harvard.edu/abs/2013ARA%26A..51..511K},
  adsnote = {Provided by the SAO/NASA Astrophysics Data System}
}


@ARTICLE{gebhardt2000,
   author = {{Gebhardt}, K. and {Bender}, R. and {Bower}, G. and {Dressler}, A. and 
  {Faber}, S.~M. and {Filippenko}, A.~V. and {Green}, R. and {Grillmair}, C. and 
  {Ho}, L.~C. and {Kormendy}, J. and {Lauer}, T.~R. and {Magorrian}, J. and 
  {Pinkney}, J. and {Richstone}, D. and {Tremaine}, S.},
    title = "{A Relationship between Nuclear Black Hole Mass and Galaxy Velocity Dispersion}",
  journal = {\apjl},
   eprint = {astro-ph/0006289},
 keywords = {Galaxies: General, Galaxies: Nuclei, Galaxies: Statistics},
     year = 2000,
    month = aug,
   volume = 539,
    pages = {L13-L16},
      doi = {10.1086/312840},
   adsurl = {http://adsabs.harvard.edu/abs/2000ApJ...539L..13G},
  adsnote = {Provided by the SAO/NASA Astrophysics Data System}
}


@ARTICLE{burkert2001,
   author = {{Burkert}, A. and {Silk}, J.},
    title = "{Star Formation-Regulated Growth of Black Holes in Protogalactic Spheroids}",
  journal = {\apjl},
   eprint = {astro-ph/0011511},
 keywords = {Black Hole Physics, Galaxies: Kinematics and Dynamics, Galaxies: Nuclei},
     year = 2001,
    month = jun,
   volume = 554,
    pages = {L151-L154},
      doi = {10.1086/321698},
   adsurl = {http://adsabs.harvard.edu/abs/2001ApJ...554L.151B},
  adsnote = {Provided by the SAO/NASA Astrophysics Data System}
}


@ARTICLE{adams2001,
   author = {{Adams}, F.~C. and {Graff}, D.~S. and {Richstone}, D.~O.},
    title = "{A Theoretical Model for the M$_{BH}$-{$\sigma$} Relation for Supermassive Black Holes in Galaxies}",
  journal = {\apjl},
   eprint = {astro-ph/0010549},
 keywords = {Black Hole Physics, Galaxies: Kinematics and Dynamics, Galaxies: Nuclei},
     year = 2001,
    month = apr,
   volume = 551,
    pages = {L31-L35},
      doi = {10.1086/319828},
   adsurl = {http://adsabs.harvard.edu/abs/2001ApJ...551L..31A},
  adsnote = {Provided by the SAO/NASA Astrophysics Data System}
}


@ARTICLE{ferrarese2000,
   author = {{Ferrarese}, L. and {Merritt}, D.},
    title = "{A Fundamental Relation between Supermassive Black Holes and Their Host Galaxies}",
  journal = {\apjl},
   eprint = {astro-ph/0006053},
 keywords = {Black Hole Physics, Galaxies: Evolution, Galaxies: Kinematics and Dynamics},
     year = 2000,
    month = aug,
   volume = 539,
    pages = {L9-L12},
      doi = {10.1086/312838},
   adsurl = {http://adsabs.harvard.edu/abs/2000ApJ...539L...9F},
  adsnote = {Provided by the SAO/NASA Astrophysics Data System}
}



%% msigma relation, not necessarily the best 
@ARTICLE{haring2004,
   author = {{H{\"a}ring}, N. and {Rix}, H.-W.},
    title = "{On the Black Hole Mass-Bulge Mass Relation}",
  journal = {\apjl},
   eprint = {arXiv:astro-ph/0402376},
 keywords = {Galaxies: Bulges, Galaxies: Kinematics and Dynamics},
     year = 2004,
    month = apr,
   volume = 604,
    pages = {L89-L92},
      doi = {10.1086/383567},
   adsurl = {http://adsabs.harvard.edu/abs/2004ApJ...604L..89H},
  adsnote = {Provided by the SAO/NASA Astrophysics Data System}
}

@ARTICLE{cavagnolo2011,
   author = {{Cavagnolo}, K.~W. and {McNamara}, B.~R. and {Wise}, M.~W. and 
  {Nulsen}, P.~E.~J. and {Br{\"u}ggen}, M. and {Gitti}, M. and 
  {Rafferty}, D.~A.},
    title = "{A Powerful AGN Outburst in RBS 797}",
  journal = {\apj},
archivePrefix = "arXiv",
   eprint = {1103.0630},
 keywords = {galaxies: active, galaxies: clusters: general, galaxies: clusters: intracluster medium, X-rays: galaxies: clusters},
     year = 2011,
    month = may,
   volume = 732,
      eid = {71},
    pages = {71},
      doi = {10.1088/0004-637X/732/2/71},
   adsurl = {http://adsabs.harvard.edu/abs/2011ApJ...732...71C},
  adsnote = {Provided by the SAO/NASA Astrophysics Data System}
}

@ARTICLE{ju2016,
   author = {{Ju}, W. and {Stone}, J.~M. and {Zhu}, Z.},
    title = "{Global MHD Simulations of Accretion Disks in Cataclysmic Variables (CVs): I. The Importance of Spiral Shocks}",
  journal = {ArXiv e-prints},
archivePrefix = "arXiv",
   eprint = {1604.00715},
 primaryClass = "astro-ph.SR",
 keywords = {Astrophysics - Solar and Stellar Astrophysics},
     year = 2016,
    month = apr,
   adsurl = {http://adsabs.harvard.edu/abs/2016arXiv160400715J},
  adsnote = {Provided by the SAO/NASA Astrophysics Data System}
}


@ARTICLE{randall2011,
   author = {{Randall}, S.~W. and {Forman}, W.~R. and {Giacintucci}, S. and 
  {Nulsen}, P.~E.~J. and {Sun}, M. and {Jones}, C. and {Churazov}, E. and 
  {David}, L.~P. and {Kraft}, R. and {Donahue}, M. and {Blanton}, E.~L. and 
  {Simionescu}, A. and {Werner}, N.},
    title = "{Shocks and Cavities from Multiple Outbursts in the Galaxy Group NGC 5813: A Window to Active Galactic Nucleus Feedback}",
  journal = {\apj},
archivePrefix = "arXiv",
   eprint = {1006.4379},
 keywords = {galaxies: active, galaxies: clusters: general, galaxies: groups: individual: NGC 5813, galaxies: individual: NGC 5813, X-rays: galaxies},
     year = 2011,
    month = jan,
   volume = 726,
      eid = {86},
    pages = {86},
      doi = {10.1088/0004-637X/726/2/86},
   adsurl = {http://adsabs.harvard.edu/abs/2011ApJ...726...86R},
  adsnote = {Provided by the SAO/NASA Astrophysics Data System}
}


@ARTICLE{croton2006,
   author = {{Croton}, D.~J. and {Springel}, V. and {White}, S.~D.~M. and 
  {De Lucia}, G. and {Frenk}, C.~S. and {Gao}, L. and {Jenkins}, A. and 
  {Kauffmann}, G. and {Navarro}, J.~F. and {Yoshida}, N.},
    title = "{The many lives of active galactic nuclei: cooling flows, black holes and the luminosities and colours of galaxies}",
  journal = {\mnras},
   eprint = {astro-ph/0508046},
 keywords = {black hole physics, galaxies: active, cooling flows, galaxies: evolution, galaxies: formation, cosmology: theory},
     year = 2006,
    month = jan,
   volume = 365,
    pages = {11-28},
      doi = {10.1111/j.1365-2966.2005.09675.x},
   adsurl = {http://adsabs.harvard.edu/abs/2006MNRAS.365...11C},
  adsnote = {Provided by the SAO/NASA Astrophysics Data System}
}


@ARTICLE{somerville2001,
   author = {{Somerville}, R.~S. and {Primack}, J.~R. and {Faber}, S.~M.},
    title = "{The nature of high-redshift galaxies}",
  journal = {\mnras},
   eprint = {astro-ph/9806228},
 keywords = {galaxies: evolution, galaxies: formation, galaxies: general, galaxies: high-redshift, galaxies: starburst, cosmology: theory},
     year = 2001,
    month = feb,
   volume = 320,
    pages = {504-528},
      doi = {10.1046/j.1365-8711.2001.03975.x},
   adsurl = {http://adsabs.harvard.edu/abs/2001MNRAS.320..504S},
  adsnote = {Provided by the SAO/NASA Astrophysics Data System}
}


%% turner miller on X-ray wind effects
@ARTICLE{turnermiller2009,
   author = {{Turner}, T.~J. and {Miller}, L.},
    title = "{X-ray absorption and reflection in active galactic nuclei}",
  journal = {\aapr},
archivePrefix = "arXiv",
   eprint = {0902.0651},
 primaryClass = "astro-ph.HE",
 keywords = {Galaxies: active, X-rays: galaxies},
     year = 2009,
    month = mar,
   volume = 17,
    pages = {47-104},
      doi = {10.1007/s00159-009-0017-1},
   adsurl = {http://adsabs.harvard.edu/abs/2009A%26ARv..17...47T},
  adsnote = {Provided by the SAO/NASA Astrophysics Data System}
}


%% weymann ref for UV spectra in NH13, 
%Comparisons of the emission-line and continuum properties of broad absorption line and normal quasi-stellar objects}"
@ARTICLE{weymann1991,
   author = {{Weymann}, R.~J. and {Morris}, S.~L. and {Foltz}, C.~B. and 
	{Hewett}, P.~C.},
    title = "{Comparisons of the emission-line and continuum properties of broad absorption line and normal quasi-stellar objects}",
  journal = {\apj},
 keywords = {CONTINUOUS RADIATION, EMISSION SPECTRA, LINE SPECTRA, QUASARS, STELLAR SPECTRA, DATA REDUCTION, SPECTRAL LINE WIDTH, SPECTRUM ANALYSIS, STATISTICAL ANALYSIS, quasars},
     year = 1991,
    month = may,
   volume = 373,
    pages = {23-53},
      doi = {10.1086/170020},
   adsurl = {http://adsabs.harvard.edu/abs/1991ApJ...373...23W},
  adsnote = {Provided by the SAO/NASA Astrophysics Data System}
}


@INPROCEEDINGS{kurucz1991,
   author = {{Kurucz}, R.~L.},
    title = "{New Opacity Calculations}",
booktitle = {NATO ASIC Proc. 341: Stellar Atmospheres - Beyond Classical Models},
     year = 1991,
   editor = {{Crivellari}, L. and {Hubeny}, I. and {Hummer}, D.~G.},
    pages = {441},
   adsurl = {http://adsabs.harvard.edu/abs/1991sabc.conf..441K},
  adsnote = {Provided by the SAO/NASA Astrophysics Data System}
}

@ARTICLE{wade1984,
   author = {{Wade}, R.~A.},
    title = "{A double grid of accretion disc model spectra for cataclysmic variable stars}",
  journal = {\mnras},
 keywords = {Accretion Disks, Binary Stars, Stellar Models, Stellar Spectra, Variable Stars, Atmospheric Models, Grids, Late Stars, Radiation Sources, Ultraviolet Astronomy, White Dwarf Stars},
     year = 1984,
    month = may,
   volume = 208,
    pages = {381-398},
   adsurl = {http://adsabs.harvard.edu/abs/1984MNRAS.208..381W},
  adsnote = {Provided by the SAO/NASA Astrophysics Data System}
}


@ARTICLE{wade1988,
   author = {{Wade}, R.~A.},
    title = "{A test of synthetic accretion disk spectra using ultraviolet flux distributions of novalike variables}",
  journal = {\apj},
 keywords = {Accretion Disks, Blue Stars, Cataclysmic Variables, Novae, Stellar Spectrophotometry, Ultraviolet Radiation, Astronomical Models, Optical Thickness, Radiant Flux Density, Spectral Energy Distribution, Stellar Atmospheres, Stellar Color},
     year = 1988,
    month = dec,
   volume = 335,
    pages = {394-405},
      doi = {10.1086/166934},
   adsurl = {http://adsabs.harvard.edu/abs/1988ApJ...335..394W},
  adsnote = {Provided by the SAO/NASA Astrophysics Data System}
}




@ARTICLE{morabito2013,
   author = {{Morabito}, L.~K. and {Dai}, X. and {Leighly}, K.~M. and {Sivakoff}, G.~R. and 
  {Shankar}, F.},
    title = "{Unveiling the Intrinsic X-ray Properties of Broad Absorption Line Quasars with a Relatively Unbiased Sample}",
  journal = {ArXiv e-prints},
archivePrefix = "arXiv",
   eprint = {1309.5978},
 primaryClass = "astro-ph.HE",
 keywords = {Astrophysics - High Energy Astrophysical Phenomena},
     year = 2013,
    month = sep,
   adsurl = {http://adsabs.harvard.edu/abs/2013arXiv1309.5978M},
  adsnote = {Provided by the SAO/NASA Astrophysics Data System}
}

@ARTICLE{knigge1998,
   author = {{Knigge}, C. and {Long}, K.~S. and {Wade}, R.~A. and {Baptista}, R. and 
  {Horne}, K. and {Hubeny}, I. and {Rutten}, R.~G.~M.},
    title = "{Hubble Space Telescope Eclipse Observations of the Nova-like Cataclysmic Variable UX Ursae Majoris}",
  journal = {\apj},
   eprint = {astro-ph/9801206},
 keywords = {ACCRETION, ACCRETION DISKS, STARS: BINARIES: CLOSE, STARS: NOVAE, CATACLYSMIC VARIABLES, STARS: INDIVIDUAL CONSTELLATION NAME: UX URSAE MAJORIS, ULTRAVIOLET: STARS, Accretion, Accretion Disks, Stars: Binaries: Close, Stars: Novae, Cataclysmic Variables, Stars: Individual: Constellation Name: UX Ursae Majoris, Ultraviolet: Stars},
     year = 1998,
    month = may,
   volume = 499,
    pages = {414-428},
      doi = {10.1086/305617},
   adsurl = {http://adsabs.harvard.edu/abs/1998ApJ...499..414K},
  adsnote = {Provided by the SAO/NASA Astrophysics Data System}
}

@ARTICLE{hassall,
   author = {{Hassall}, B.~J.~M.},
    title = "{A superoutburst of the dwarf nova EK Trianguli Australis}",
  journal = {\mnras},
 keywords = {Accretion Disks, Dwarf Novae, Stellar Atmospheres, Stellar Spectrophotometry, Ultraviolet Spectra, Light Curve, Mass Transfer, Stellar Models},
     year = 1985,
    month = sep,
   volume = 216,
    pages = {335-352},
   adsurl = {http://adsabs.harvard.edu/abs/1985MNRAS.216..335H},
  adsnote = {Provided by the SAO/NASA Astrophysics Data System}
}

@ARTICLE{ladous1989b,
   author = {{La Dous}, C.},
    title = "{On the Balmer jump in dwarf novae during the outburst}",
  journal = {\mnras},
 keywords = {Accretion Disks, Balmer Series, Cataclysmic Variables, Dwarf Novae, Astronomical Models, Main Sequence Stars, Stellar Spectra, White Dwarf Stars},
     year = 1989,
    month = jun,
   volume = 238,
    pages = {935-943},
   adsurl = {http://adsabs.harvard.edu/abs/1989MNRAS.238..935L},
  adsnote = {Provided by the SAO/NASA Astrophysics Data System}
}

@ARTICLE{baptista2000,
   author = {{Baptista}, R. and {Silveira}, C. and {Steiner}, J.~E. and {Horne}, K.},
    title = "{Spatially resolved spectra of the accretion disc of the nova-like variable UU Aquarii}",
  journal = {\mnras},
   eprint = {astro-ph/0002189},
 keywords = {ACCRETION, ACCRETION DISCS, BINARIES: CLOSE, BINARIES: ECLIPSING, STARS: INDIVIDUAL: UU AQR, NOVAE, CATACLYSMIC VARIABLES},
     year = 2000,
    month = jun,
   volume = 314,
    pages = {713-726},
      doi = {10.1046/j.1365-8711.2000.03325.x},
   adsurl = {http://adsabs.harvard.edu/abs/2000MNRAS.314..713B},
  adsnote = {Provided by the SAO/NASA Astrophysics Data System}
}


@ARTICLE{long1991,
   author = {{Long}, K.~S. and {Blair}, W.~P. and {Davidsen}, A.~F. and {Bowers}, C.~W. and 
  {Dixon}, W.~V.~D. and {Durrance}, S.~T. and {Feldman}, P.~D. and 
  {Henry}, R.~C. and {Kriss}, G.~A. and {Kruk}, J.~W. and {Moos}, H.~W. and 
  {Vancura}, O. and {Ferguson}, H.~C. and {Kimble}, R.~A.},
    title = "{Spectroscopy of Z Camelopardalis in outburst with the Hopkins Ultraviolet Telescope}",
  journal = {\apjl},
 keywords = {Accretion Disks, Cataclysmic Variables, Dwarf Novae, Spaceborne Astronomy, Stellar Spectrophotometry, Ultraviolet Telescopes, Absorption Spectra, Astro Missions (Sts), Lyman Alpha Radiation, Stellar Atmospheres, Stellar Models, Ultraviolet Spectra},
     year = 1991,
    month = nov,
   volume = 381,
    pages = {L25-L29},
      doi = {10.1086/186188},
   adsurl = {http://adsabs.harvard.edu/abs/1991ApJ...381L..25L},
  adsnote = {Provided by the SAO/NASA Astrophysics Data System}
}

@ARTICLE{long1994,
   author = {{Long}, K.~S. and {Wade}, R.~A. and {Blair}, W.~P. and {Davidsen}, A.~F. and 
  {Hubeny}, I.},
    title = "{Observations of the bright novalike variable IX Velorum with the Hopkins Ultraviolet Telescope}",
  journal = {\apj},
 keywords = {Absorption Spectra, Cataclysmic Variables, Spectrum Analysis, Stellar Spectra, Astro Missions (Sts), Astronomical Models, Lyman Alpha Radiation, Lyman Beta Radiation, Stellar Atmospheres, Stellar Winds, Ultraviolet Astronomy, Ultraviolet Telescopes, White Dwarf Stars},
     year = 1994,
    month = may,
   volume = 426,
    pages = {704-715},
      doi = {10.1086/174107},
   adsurl = {http://adsabs.harvard.edu/abs/1994ApJ...426..704L},
  adsnote = {Provided by the SAO/NASA Astrophysics Data System}
}

@ARTICLE{knigge1997,
   author = {{Knigge}, C. and {Long}, K.~S. and {Blair}, W.~P. and {Wade}, R.~A.
  },
    title = "{Disks, Winds, and Veiling Curtains: Dissecting the Ultraviolet Spectrum of the Dwarf Nova Z Camelopardalis in Outburst}",
  journal = {\apj},
 keywords = {Accretion, Accretion Disks, Stars: Binaries: Close, Stars: Novae, Cataclysmic Variables, Stars: Individual: Constellation Name: Z Camelopardalis, Stars: Mass Loss, Ultraviolet: Stars},
     year = 1997,
    month = feb,
   volume = 476,
    pages = {291-310},
   adsurl = {http://adsabs.harvard.edu/abs/1997ApJ...476..291K},
  adsnote = {Provided by the SAO/NASA Astrophysics Data System}
}

@ARTICLE{kd1997,
   author = {{Knigge}, C. and {Drew}, J.~E.},
    title = "{Eclipse Mapping of the Accretion Disk Wind in the Cataclysmic Variable UX Ursae Majoris}",
  journal = {\apj},
 keywords = {Accretion, Accretion Disks, Stars: Binaries: Eclipsing, Stars: Novae, Cataclysmic Variables, Stars: Individual: Constellation Name: UX Ursae Majoris, Stars: Mass Loss, Ultraviolet: Stars},
     year = 1997,
    month = sep,
   volume = 486,
    pages = {445-456},
   adsurl = {http://adsabs.harvard.edu/abs/1997ApJ...486..445K},
  adsnote = {Provided by the SAO/NASA Astrophysics Data System}
}

@ARTICLE{sulentic2000ev1,
   author = {{Sulentic}, J.~W. and {Zwitter}, T. and {Marziani}, P. and {Dultzin-Hacyan}, D.
  },
    title = "{Eigenvector 1: An Optimal Correlation Space for Active Galactic Nuclei}",
  journal = {\apjl},
   eprint = {astro-ph/0005177},
 keywords = {Galaxies: Seyfert, Line: Formation, Line: Profiles, Galaxies: Quasars: General},
     year = 2000,
    month = jun,
   volume = 536,
    pages = {L5-L9},
      doi = {10.1086/312717},
   adsurl = {http://adsabs.harvard.edu/abs/2000ApJ...536L...5S},
  adsnote = {Provided by the SAO/NASA Astrophysics Data System}
}


%% review paper on BELS in AGN
@ARTICLE{sulentic2000,
   author = {{Sulentic}, J.~W. and {Marziani}, P. and {Dultzin-Hacyan}, D.
	},
    title = "{Phenomenology of Broad Emission Lines in Active Galactic Nuclei}",
  journal = {\araa},
 keywords = {SEYFERT GALAXIES, QUASARS, ACCRETION DISKS, SPECTROSCOPY, EMISSION LINES, LINE FORMATION},
     year = 2000,
   volume = 38,
    pages = {521-571},
      doi = {10.1146/annurev.astro.38.1.521},
   adsurl = {http://cdsads.u-strasbg.fr/abs/2000ARA%26A..38..521S},
  adsnote = {Provided by the SAO/NASA Astrophysics Data System}
}


%% review paper on AGN emission line unification
@ARTICLE{veroncetty2000,
   author = {{V{\'e}ron-Cetty}, M.~P. and {V{\'e}ron}, P.},
    title = "{The emission line spectrum of active galactic nuclei and the unifying scheme}",
  journal = {\aapr},
 keywords = {Galaxies: active, BL Lacertae objects, Quasars, Seyfert},
     year = 2000,
   volume = 10,
    pages = {81-133},
      doi = {10.1007/s001590000006},
   adsurl = {http://adsabs.harvard.edu/abs/2000A%26ARv..10...81V},
  adsnote = {Provided by the SAO/NASA Astrophysics Data System}
}

%% Peterson paper on reverb mapping
@ARTICLE{peterson1993,
   author = {{Peterson}, B.~M.},
    title = "{Reverberation mapping of active galactic nuclei}",
  journal = {\pasp},
 keywords = {ACTIVE GALACTIC NUCLEI, ASTRONOMICAL MAPS, EMISSION SPECTRA, REVERBERATION, ASTRONOMICAL SPECTROSCOPY, CROSS CORRELATION, LUMINOSITY, SPECTRAL LINE WIDTH, TRANSFER FUNCTIONS},
     year = 1993,
    month = mar,
   volume = 105,
    pages = {247-268},
      doi = {10.1086/133140},
   adsurl = {http://cdsads.u-strasbg.fr/abs/1993PASP..105..247P},
  adsnote = {Provided by the SAO/NASA Astrophysics Data System}
}

%% Classic agn unification paper
@ARTICLE{UP95,
   author = {{Urry}, C.~M. and {Padovani}, P.},
    title = "{Unified Schemes for Radio-Loud Active Galactic Nuclei}",
  journal = {\pasp},
   eprint = {arXiv:astro-ph/9506063},
 keywords = {GALAXIES: ACTIVE, GALAXIES: FUNDAMENTAL PARAMETERS},
     year = 1995,
    month = sep,
   volume = 107,
    pages = {803},
      doi = {10.1086/133630},
   adsurl = {http://adsabs.harvard.edu/abs/1995PASP..107..803U},
  adsnote = {Provided by the SAO/NASA Astrophysics Data System}
}

%% Murray and Chiand reference CK likes
%% calculate line force
%% get emission lines from base of wind
%% kind of what we're aiming for, but less transparent / complete
@ARTICLE{MCGV95,
   author = {{Murray}, N. and {Chiang}, J. and {Grossman}, S.~A. and {Voit}, G.~M.
	},
    title = "{Accretion Disk Winds from Active Galactic Nuclei}",
  journal = {\apj},
 keywords = {ACCRETION, ACCRETION DISKS, GALAXIES: NUCLEI, GALAXIES: QUASARS: ABSORPTION LINES},
     year = 1995,
    month = oct,
   volume = 451,
    pages = {498},
      doi = {10.1086/176238},
   adsurl = {http://adsabs.harvard.edu/abs/1995ApJ...451..498M},
  adsnote = {Provided by the SAO/NASA Astrophysics Data System}
}



%%
%% thermal radiation pressure, emission measure
%%
@ARTICLE{kaastra,
   author = {{Kaastra}, J.~S. and {Paerels}, F.~B.~S. and {Durret}, F. and 
	{Schindler}, S. and {Richter}, P.},
    title = "{Thermal Radiation Processes}",
  journal = {\ssr},
archivePrefix = "arXiv",
   eprint = {0801.1011},
 keywords = {Atomic processes, Radiation mechanisms: thermal, Intergalactic medium, X-rays: general},
     year = 2008,
    month = feb,
   volume = 134,
    pages = {155-190},
      doi = {10.1007/s11214-008-9310-y},
   adsurl = {http://adsabs.harvard.edu/abs/2008SSRv..134..155K},
  adsnote = {Provided by the SAO/NASA Astrophysics Data System}
}


@ARTICLE{bunn1995,
   author = {{Bunn}, J.~C. and {Hoare}, M.~G. and {Drew}, J.~E.},
    title = "{Observations of the IR recombination line emission from massive young stellar objects}",
  journal = {\mnras},
 keywords = {LINE, PROFILES-STARS, EARLY-TYPE-STARS, FORMATION-STARS, MASS-LOSS-ISM, JETS AND OUTFLOWS-INFRARED, STARS.},
     year = 1995,
    month = jan,
   volume = 272,
    pages = {346-354},
   adsurl = {http://adsabs.harvard.edu/abs/1995MNRAS.272..346B},
  adsnote = {Provided by the SAO/NASA Astrophysics Data System}
}


%%
%% larger covering angle 0.5
%%
@ARTICLE{krolik1998,
   author = {{Krolik}, J.~H. and {Voit}, G.~M.},
    title = "{What Is the True Covering Factor of Absorbing Matter in BALQSOs?}",
  journal = {\apjl},
   eprint = {arXiv:astro-ph/9802082},
 keywords = {ACCRETION, ACCRETION DISKS, GALAXIES: ACTIVE, GALAXIES: QUASARS: ABSORPTION LINES, GALAXIES: QUASARS: EMISSION LINES, GALAXIES: QUASARS: GENERAL},
     year = 1998,
    month = apr,
   volume = 497,
    pages = {L5},
      doi = {10.1086/311274},
   adsurl = {http://adsabs.harvard.edu/abs/1998ApJ...497L...5K},
  adsnote = {Provided by the SAO/NASA Astrophysics Data System}
}

%% CV hydro
@ARTICLE{pkdh2002,
   author = {{Proga}, D. and {Kallman}, T.~R. and {Drew}, J.~E. and {Hartley}, L.~E.
  },
    title = "{Resonance Line Profile Calculations Based on Hydrodynamical Models of Cataclysmic Variable Winds}",
  journal = {\apj},
   eprint = {astro-ph/0202384},
 keywords = {Accretion, Accretion Disks, Methods: Numerical, Stars: Novae, Cataclysmic Variables, Stars: Winds, Outflows},
     year = 2002,
    month = jun,
   volume = 572,
    pages = {382-391},
      doi = {10.1086/340339},
   adsurl = {http://adsabs.harvard.edu/abs/2002ApJ...572..382P},
  adsnote = {Provided by the SAO/NASA Astrophysics Data System}
}

%% AM CVn hydro
@ARTICLE{kusterer2014,
   author = {{Kusterer}, D.-J. and {Nagel}, T. and {Hartmann}, S. and {Werner}, K. and 
  {Feldmeier}, A.},
    title = "{Monte Carlo radiation transfer in CV disk winds: application to the AM CVn prototype}",
  journal = {\aap},
 keywords = {radiative transfer, stars: winds, outflows, stars: individual: AM CVn, accretion, accretion disks},
     year = 2014,
    month = jan,
   volume = 561,
      eid = {A14},
    pages = {A14},
      doi = {10.1051/0004-6361/201321438},
   adsurl = {http://adsabs.harvard.edu/abs/2014A%26A...561A..14K},
  adsnote = {Provided by the SAO/NASA Astrophysics Data System}
}

%% Proga Kallman 2004
%%
@ARTICLE{PK04,
   author = {{Proga}, D. and {Kallman}, T.~R.},
    title = "{Dynamics of Line-driven Disk Winds in Active Galactic Nuclei. II. Effects of Disk Radiation}",
  journal = {\apj},
   eprint = {arXiv:astro-ph/0408293},
 keywords = {Accretion, Accretion Disks, Galaxies: Active, Galaxies: Nuclei, Methods: Numerical, Galaxies: Quasars: General},
     year = 2004,
    month = dec,
   volume = 616,
    pages = {688-695},
      doi = {10.1086/425117},
   adsurl = {http://adsabs.harvard.edu/abs/2004ApJ...616..688P},
  adsnote = {Provided by the SAO/NASA Astrophysics Data System}
}

%% part 1 to PK04
%%
@ARTICLE{PSK2000,
   author = {{Proga}, D. and {Stone}, J.~M. and {Kallman}, T.~R.},
    title = "{Dynamics of Line-driven Disk Winds in Active Galactic Nuclei}",
  journal = {\apj},
   eprint = {arXiv:astro-ph/0005315},
 keywords = {Accretion, Accretion Disks, Galaxies: Active, Hydrodynamics, Instabilities, Methods: Numerical},
     year = 2000,
    month = nov,
   volume = 543,
    pages = {686-696},
      doi = {10.1086/317154},
   adsurl = {http://adsabs.harvard.edu/abs/2000ApJ...543..686P},
  adsnote = {Provided by the SAO/NASA Astrophysics Data System}
}

%%
%% Proga review paper
@INPROCEEDINGS{proga2007,
   author = {{Proga}, D.},
    title = "{Theory of Winds in AGNs}",
booktitle = {The Central Engine of Active Galactic Nuclei},
     year = 2007,
   series = {Astronomical Society of the Pacific Conference Series},
   volume = 373,
   eprint = {arXiv:astro-ph/0701100},
   editor = {{Ho}, L.~C. and {Wang}, J.-W.},
    month = oct,
    pages = {267},
   adsurl = {http://cdsads.u-strasbg.fr/abs/2007ASPC..373..267P},
  adsnote = {Provided by the SAO/NASA Astrophysics Data System}
}

%% stellar mass loss
@ARTICLE{morton1967,
   author = {{Morton}, D.~C.},
    title = "{Mass Loss from Three OB Supergiants in Orion}",
  journal = {\apj},
     year = 1967,
    month = nov,
   volume = 150,
    pages = {535},
      doi = {10.1086/149356},
   adsurl = {http://adsabs.harvard.edu/abs/1967ApJ...150..535M},
  adsnote = {Provided by the SAO/NASA Astrophysics Data System}
}

%% CV wind
@ARTICLE{greensteinoke1982,
   author = {{Greenstein}, J.~L. and {Oke}, J.~B.},
    title = "{RW Sextantis, a disk with a hot, high-velocity wind}",
  journal = {\apj},
 keywords = {BLUE STARS, HOT STARS, STELLAR MASS ACCRETION, STELLAR SPECTRA, STELLAR WINDS, VARIABLE STARS, ABSORPTION SPECTRA, BLACK BODY RADIATION, F STARS, IUE, LYMAN ALPHA RADIATION, STELLAR SPECTROPHOTOMETRY, STELLAR STRUCTURE, STELLAR TEMPERATURE, ULTRAVIOLET ASTRONOMY, ULTRAVIOLET SPECTRA, WHITE DWARF STARS, WIND VELOCITY, X RAY SOURCES},
     year = 1982,
    month = jul,
   volume = 258,
    pages = {209-216},
      doi = {10.1086/160069},
   adsurl = {http://adsabs.harvard.edu/abs/1982ApJ...258..209G},
  adsnote = {Provided by the SAO/NASA Astrophysics Data System}
}

%% VS93
@ARTICLE{VS93,
   author = {{Vitello}, P. and {Shlosman}, I.},
    title = "{Ultraviolet line diagnostics of accretion disk winds in cataclysmic variables}",
  journal = {\apj},
 keywords = {ACCRETION DISKS, CATACLYSMIC VARIABLES, STELLAR WINDS, ULTRAVIOLET SPECTRA, IUE, LINE SPECTRA, PHOTOIONIZATION, STELLAR MODELS, STELLAR ROTATION, WHITE DWARF STARS},
     year = 1993,
    month = jun,
   volume = 410,
    pages = {815-828},
      doi = {10.1086/172799},
   adsurl = {http://adsabs.harvard.edu/abs/1993ApJ...410..815V},
  adsnote = {Provided by the SAO/NASA Astrophysics Data System}
}

%%SV93
@ARTICLE{SV93,
   author = {{Shlosman}, I. and {Vitello}, P.},
    title = "{Winds from accretion disks - Ultraviolet line formation in cataclysmic variables}",
  journal = {\apj},
 keywords = {ACCRETION DISKS, CATACLYSMIC VARIABLES, EMISSION SPECTRA, STELLAR MASS EJECTION, STELLAR WINDS, ULTRAVIOLET RADIATION, ANGULAR MOMENTUM, IUE, LINE SPECTRA},
     year = 1993,
    month = may,
   volume = 409,
    pages = {372-386},
      doi = {10.1086/172670},
   adsurl = {http://adsabs.harvard.edu/abs/1993ApJ...409..372S},
  adsnote = {Provided by the SAO/NASA Astrophysics Data System}
}

@ARTICLE{SVM96,
   author = {{Shlosman}, I. and {Vitello}, P. and {Mauche}, C.~W.},
    title = "{Rotating Winds from Accretion Disks in Cataclysmic Variables: Eclipse Modeling of V347 Puppis}",
  journal = {\apj},
   eprint = {astro-ph/9511004},
 keywords = {LINE: PROFILES, STARS: BINARIES: ECLIPSING, STARS: INDIVIDUAL CONSTELLATION NAME: V347 PUPPIS, STARS: NOVAE, CATACLYSMIC VARIABLES, ULTRAVIOLET: STARS},
     year = 1996,
    month = apr,
   volume = 461,
    pages = {377},
      doi = {10.1086/177066},
   adsurl = {http://adsabs.harvard.edu/abs/1996ApJ...461..377S},
  adsnote = {Provided by the SAO/NASA Astrophysics Data System}
}

@ARTICLE{noebauer,
   author = {{Noebauer}, U.~M. and {Long}, K.~S. and {Sim}, S.~A. and {Knigge}, C.
  },
    title = "{The Geometry and Ionization Structure of the Wind in the Eclipsing Nova-like Variables RW Tri and UX UMa}",
  journal = {\apj},
archivePrefix = "arXiv",
   eprint = {1007.0209},
 primaryClass = "astro-ph.SR",
 keywords = {accretion, accretion disks, binaries: close, novae, cataclysmic variables, radiative transfer, stars: individual: RW Tri UX UMa, stars: winds, outflows},
     year = 2010,
    month = aug,
   volume = 719,
    pages = {1932-1945},
      doi = {10.1088/0004-637X/719/2/1932},
   adsurl = {http://adsabs.harvard.edu/abs/2010ApJ...719.1932N},
  adsnote = {Provided by the SAO/NASA Astrophysics Data System}
}

@ARTICLE{SKUK2012,
   author = {{Scaringi}, S. and {K{\"o}rding}, E. and {Uttley}, P. and {Knigge}, C. and 
  {Groot}, P.~J. and {Still}, M.},
    title = "{The universal nature of accretion-induced variability: the rms-flux relation in an accreting white dwarf}",
  journal = {\mnras},
archivePrefix = "arXiv",
   eprint = {1201.0759},
 primaryClass = "astro-ph.SR",
 keywords = {accretion, accretion discs, black hole physics, binaries: close, stars: individual: MV Lyrae, novae, cataclysmic variables, stars: oscillations},
     year = 2012,
    month = apr,
   volume = 421,
    pages = {2854-2860},
      doi = {10.1111/j.1365-2966.2012.20512.x},
   adsurl = {http://adsabs.harvard.edu/abs/2012MNRAS.421.2854S},
  adsnote = {Provided by the SAO/NASA Astrophysics Data System}
}

@ARTICLE{groot2004,
   author = {{Groot}, P.~J. and {Rutten}, R.~G.~M. and {van Paradijs}, J.
  },
    title = "{A spectrophotometric study of RW Trianguli}",
  journal = {\aap},
   eprint = {astro-ph/0401029},
 keywords = {accretion, accretion disks, stars: binaries: eclipsing, stars: individual: RW Tri, $\backslash$ stars: novae, cataclysmic variables},
     year = 2004,
    month = apr,
   volume = 417,
    pages = {283-291},
      doi = {10.1051/0004-6361:20031771},
   adsurl = {http://adsabs.harvard.edu/abs/2004A%26A...417..283G},
  adsnote = {Provided by the SAO/NASA Astrophysics Data System}
}

@ARTICLE{idanshaviv2010,
   author = {{Idan}, I. and {Lasota}, J.-P. and {Hameury}, J.-M. and {Shaviv}, G.
  },
    title = "{Accretion-disc model spectra for dwarf-nova stars}",
  journal = {\aap},
archivePrefix = "arXiv",
   eprint = {0809.0432},
 keywords = {accretion, accretion disks, radiative transfer, stars: dwarf novae},
     year = 2010,
    month = sep,
   volume = 519,
      eid = {A117},
    pages = {A117},
      doi = {10.1051/0004-6361/200810896},
   adsurl = {http://adsabs.harvard.edu/abs/2010A%26A...519A.117I},
  adsnote = {Provided by the SAO/NASA Astrophysics Data System}
}

@ARTICLE{suleimanov2014,
   author = {{Suleimanov}, V. and {Hertfelder}, M. and {Werner}, K. and {Kley}, W.
  },
    title = "{Modeling the EUV spectra of optically thick boundary layers of dwarf novae in outburst}",
  journal = {ArXiv e-prints},
archivePrefix = "arXiv",
   eprint = {1408.4369},
 primaryClass = "astro-ph.SR",
 keywords = {Astrophysics - Solar and Stellar Astrophysics, Astrophysics - High Energy Astrophysical Phenomena},
     year = 2014,
    month = aug,
   adsurl = {http://adsabs.harvard.edu/abs/2014arXiv1408.4369S},
  adsnote = {Provided by the SAO/NASA Astrophysics Data System}
}


@ARTICLE{frankking1981,
   author = {{Frank}, J. and {King}, A.~R.},
    title = "{A standard accretion disc model for RW Tri}",
  journal = {\mnras},
 keywords = {Dwarf Stars, Eclipsing Binary Stars, Infrared Astronomy, Light Curve, Novae, Stellar Mass Accretion, Companion Stars, Stellar Magnitude, Stellar Mass, Stellar Models, Stellar Occultation},
     year = 1981,
    month = apr,
   volume = 195,
    pages = {227-234},
   adsurl = {http://adsabs.harvard.edu/abs/1981MNRAS.195..227F},
  adsnote = {Provided by the SAO/NASA Astrophysics Data System}
}

@ARTICLE{longmore1981,
   author = {{Longmore}, A.~J. and {Lee}, T.~J. and {Allen}, D.~A. and {Adams}, D.~J.
  },
    title = "{Infrared observations of the cataclysmic variable RW Tri}",
  journal = {\mnras},
 keywords = {Dwarf Stars, Eclipsing Binary Stars, Infrared Astronomy, Light Curve, Stellar Radiation, Variable Stars, Brightness, Infrared Telescopes, Spectrum Analysis, Stellar Spectrophotometry, Stellar Temperature},
     year = 1981,
    month = jun,
   volume = 195,
    pages = {825-830},
   adsurl = {http://adsabs.harvard.edu/abs/1981MNRAS.195..825L},
  adsnote = {Provided by the SAO/NASA Astrophysics Data System}
}



@ARTICLE{HSK86,
   author = {{Honeycutt}, R.~K. and {Schlegel}, E.~M. and {Kaitchuck}, R.~H.
  },
    title = "{Evidence for a bipolar wind in the cataclysmic variable PG 1012-029}",
  journal = {\apj},
 keywords = {Accretion Disks, Cataclysmic Variables, Dwarf Novae, Eclipsing Binary Stars, Stellar Spectrophotometry, Stellar Winds, Continuous Spectra, Emission Spectra, Light Curve, Line Spectra, Radial Velocity, Stellar Models, Stellar Rotation},
     year = 1986,
    month = mar,
   volume = 302,
    pages = {388-402},
      doi = {10.1086/163997},
   adsurl = {http://adsabs.harvard.edu/abs/1986ApJ...302..388H},
  adsnote = {Provided by the SAO/NASA Astrophysics Data System}
}


@ARTICLE{marshhorne1990,
   author = {{Marsh}, T.~R. and {Horne}, K.},
    title = "{Emission-line mapping of the dwarf nova IP Pegasi in outburst and quiescence}",
  journal = {\apj},
 keywords = {Dwarf Novae, Eclipsing Binary Stars, Emission Spectra, Stellar Mass Accretion, Astronomical Maps, H Ii Regions, Line Spectra},
     year = 1990,
    month = feb,
   volume = 349,
    pages = {593-607},
      doi = {10.1086/168346},
   adsurl = {http://adsabs.harvard.edu/abs/1990ApJ...349..593M},
  adsnote = {Provided by the SAO/NASA Astrophysics Data System}
}

@ARTICLE{RN98,
   author = {{Ringwald}, F.~A. and {Naylor}, T.},
    title = "{High-speed optical spectroscopy of a cataclysmic variable wind - BZ Camelopardalis}",
  journal = {\aj},
   eprint = {astro-ph/9710021},
 keywords = {Cataclysmic Variables, Accretion Disks, Stellar Mass Ejection, Early Stars, Astronomical Spectroscopy, Emission Spectra, Stellar Winds},
     year = 1998,
    month = jan,
   volume = 115,
    pages = {286},
      doi = {10.1086/300192},
   adsurl = {http://adsabs.harvard.edu/abs/1998AJ....115..286R},
  adsnote = {Provided by the SAO/NASA Astrophysics Data System}
}

% dhillon review
@INPROCEEDINGS{dhillon1996,
   author = {{Dhillon}, V.~S.},
    title = "{The Nova-like variables}",
booktitle = {IAU Colloq. 158: Cataclysmic Variables and Related Objects},
     year = 1996,
   series = {Astrophysics and Space Science Library},
   volume = 208,
   eprint = {astro-ph/9509156},
   editor = {{Evans}, A. and {Wood}, J.~H.},
    pages = {3},
   adsurl = {http://adsabs.harvard.edu/abs/1996ASSL..208....3D},
  adsnote = {Provided by the SAO/NASA Astrophysics Data System}
}


%% blackbody temps for BL of 250kK or so, L/Lbol = 0.05
@ARTICLE{mauche2004,
   author = {{Mauche}, C.~W.},
    title = "{Chandra Low Energy Transmission Grating Spectrum of SS Cygni in Outburst}",
  journal = {\apj},
   eprint = {astro-ph/0403691},
 keywords = {Accretion, Accretion Disks, Stars: Binaries: Close, Stars: Novae, Cataclysmic Variables, Stars: Individual: Constellation Name: SS Cygni, X-Rays: Binaries},
     year = 2004,
    month = jul,
   volume = 610,
    pages = {422-426},
      doi = {10.1086/421438},
   adsurl = {http://adsabs.harvard.edu/abs/2004ApJ...610..422M},
  adsnote = {Provided by the SAO/NASA Astrophysics Data System}
}

%% Dhillon and Rutten
%% single peaked uneclipsed emission
@ARTICLE{DR95,
   author = {{Dhillon}, V.~S. and {Rutten}, R.~G.~M.},
    title = "{Spectropolarimetry of the nova-like variable V 1315 Aquilae}",
  journal = {\mnras},
   eprint = {astro-ph/9506111},
 keywords = {ACCRETION, ACCRETION DISCS, POLARIZATION, BINARIES: ECLIPSING, BINARIES: SPECTROSCOPIC, STARS: INDIVIDUAL: V1315 AQL, NOVAE, CATACLYSMIC VARIABLES},
     year = 1995,
    month = dec,
   volume = 277,
    pages = {777-780},
   adsurl = {http://adsabs.harvard.edu/abs/1995MNRAS.277..777D},
  adsnote = {Provided by the SAO/NASA Astrophysics Data System}
}

% Murray and Chiang nature paper on single peaked emission
@ARTICLE{MC96,
   author = {{Murray}, N. and {Chiang}, J.},
    title = "{Wind-dominated optical line emission from accretion disks around luminous cataclysmic variable stars}",
  journal = {\nat},
     year = 1996,
    month = aug,
   volume = 382,
    pages = {789-791},
      doi = {10.1038/382789a0},
   adsurl = {http://adsabs.harvard.edu/abs/1996Natur.382..789M},
  adsnote = {Provided by the SAO/NASA Astrophysics Data System}
}

@ARTICLE{pringlesavonije1979,
   author = {{Pringle}, J.~E. and {Savonije}, G.~J.},
    title = "{X-ray emission from dwarf novae}",
  journal = {\mnras},
 keywords = {Novae, Stellar Radiation, White Dwarf Stars, X Ray Sources, Boundary Layers, Deposition, High Temperature, Optical Thickness},
     year = 1979,
    month = jun,
   volume = 187,
    pages = {777-783},
   adsurl = {http://adsabs.harvard.edu/abs/1979MNRAS.187..777P},
  adsnote = {Provided by the SAO/NASA Astrophysics Data System}
}

@ARTICLE{drewverbunt1985,
   author = {{Drew}, J. and {Verbunt}, F.},
    title = "{Investigation of a wind model for cataclysmic variable ultraviolet resonance line emission}",
  journal = {\mnras},
 keywords = {Cataclysmic Variables, Gas Ionization, Resonance Lines, Stellar Winds, Ultraviolet Spectra, White Dwarf Stars, Abundance, Emission Spectra, Iue, Optical Thickness, Radiative Transfer, Stellar Radiation, Time Dependence},
     year = 1985,
    month = mar,
   volume = 213,
    pages = {191-213},
   adsurl = {http://adsabs.harvard.edu/abs/1985MNRAS.213..191D},
  adsnote = {Provided by the SAO/NASA Astrophysics Data System}
}

@ARTICLE{maucheraymond1987,
   author = {{Mauche}, C.~W. and {Raymond}, J.~C.},
    title = "{IUE observations of the dwarf nova HL Canis Majoris and the winds of cataclysmic variables}",
  journal = {\apj},
 keywords = {Cataclysmic Variables, Dwarf Stars, Iue, Novae, Stellar Winds, Accretion Disks, Light Curve, Line Spectra, Tables (Data), Ultraviolet Radiation},
     year = 1987,
    month = dec,
   volume = 323,
    pages = {690-713},
      doi = {10.1086/165865},
   adsurl = {http://adsabs.harvard.edu/abs/1987ApJ...323..690M},
  adsnote = {Provided by the SAO/NASA Astrophysics Data System}
}


@ARTICLE{KWD95,
   author = {{Knigge}, C. and {Woods}, J.~A. and {Drew}, J.~E.},
    title = "{The application of Monte Carlo methods to the synthesis of spectral line profiles arising from accretion disc winds}",
  journal = {\mnras},
 keywords = {ACCRETION, ACCRETION DISCS, LINE: FORMATION, LINE: PROFILES, RADIATIVE TRANSFER, STARS: MASS-LOSS, NOVAE, CATACLYSMIC VARIABLES},
     year = 1995,
    month = mar,
   volume = 273,
    pages = {225-248},
   adsurl = {http://adsabs.harvard.edu/abs/1995MNRAS.273..225K},
  adsnote = {Provided by the SAO/NASA Astrophysics Data System}
}

@BOOK{fkrbook,
   author = {{Frank}, J. and {King}, A. and {Raine}, D.},
    title = "{Accretion power in astrophysics.}",
booktitle = {Camb.~Astrophys.~Ser., Vol.~21,},
     year = 1992,
   adsurl = {http://adsabs.harvard.edu/abs/1992apa..book.....F},
  adsnote = {Provided by the SAO/NASA Astrophysics Data System}
}


@ARTICLE{haug1987,
   author = {{Haug}, K.},
    title = "{Continuum distributions and line profiles of UX UMA-type novalike systems}",
  journal = {\apss},
 keywords = {Cataclysmic Variables, Continuous Spectra, Line Spectra, Novae, Stellar Spectra, Accretion Disks, Balmer Series, Spectral Energy Distribution, Ultraviolet Spectra},
     year = 1987,
    month = feb,
   volume = 130,
    pages = {91-102},
      doi = {10.1007/BF00654977},
   adsurl = {http://adsabs.harvard.edu/abs/1987Ap%26SS.130...91H},
  adsnote = {Provided by the SAO/NASA Astrophysics Data System}
}



@ARTICLE{KLWB98,
   author = {{Knigge}, C. and {Long}, K.~S. and {Wade}, R.~A. and {Baptista}, R. and 
  {Horne}, K. and {Hubeny}, I. and {Rutten}, R.~G.~M.},
    title = "{Hubble Space Telescope Eclipse Observations of the Nova-like Cataclysmic Variable UX Ursae Majoris}",
  journal = {\apj},
   eprint = {astro-ph/9801206},
 keywords = {ACCRETION, ACCRETION DISKS, STARS: BINARIES: CLOSE, STARS: NOVAE, CATACLYSMIC VARIABLES, STARS: INDIVIDUAL CONSTELLATION NAME: UX URSAE MAJORIS, ULTRAVIOLET: STARS},
     year = 1998,
    month = may,
   volume = 499,
    pages = {414},
      doi = {10.1086/305617},
   adsurl = {http://adsabs.harvard.edu/abs/1998ApJ...499..414K},
  adsnote = {Provided by the SAO/NASA Astrophysics Data System}
}

@ARTICLE{smak1995,
   author = {{Smak}, J.},
    title = "{Eclipses in Cataclysmic Variables with Stationary Accretion Disks. V. RW Tri}",
  journal = {\actaa},
 keywords = {BINARIES: ECLIPSING, NOVAE: CATACLYSMIC VARIABLES, STARS: INDIVIDUAL: RW TRI},
     year = 1995,
    month = jan,
   volume = 45,
    pages = {259-277},
   adsurl = {http://adsabs.harvard.edu/abs/1995AcA....45..259S},
  adsnote = {Provided by the SAO/NASA Astrophysics Data System}
}

@ARTICLE{halevinhenden2008,
   author = {{Halevin}, A.~V. and {Henden}, A.~A.},
    title = "{Eclipse mapping of RW Tri in the low luminosity state}",
  journal = {Information Bulletin on Variable Stars},
archivePrefix = "arXiv",
   eprint = {0806.2024},
     year = 2008,
    month = nov,
   volume = 5861,
    pages = {1},
   adsurl = {http://adsabs.harvard.edu/abs/2008IBVS.5861....1H},
  adsnote = {Provided by the SAO/NASA Astrophysics Data System}
}



%% good sobolev paper
@ARTICLE{hummer1985,
   author = {{Hummer}, D.~G. and {Rybicki}, G.~B.},
    title = "{The Sobolev approximation for line formation with continuous opacity}",
  journal = {\apj},
 keywords = {APPROXIMATION, LINE SPECTRA, OPACITY, STELLAR ATMOSPHERES, STELLAR SPECTRA, LIMITS (MATHEMATICS), STELLAR MODELS, VELOCITY DISTRIBUTION},
     year = 1985,
    month = jun,
   volume = 293,
    pages = {258-267},
      doi = {10.1086/163232},
   adsurl = {http://adsabs.harvard.edu/abs/1985ApJ...293..258H},
  adsnote = {Provided by the SAO/NASA Astrophysics Data System}
}

%% implemetation of clumps
@ARTICLE{stalevski2013,
   author = {{Stalevski}, M. and {Fritz}, J. and {Baes}, M. and {Popovic}, L.~C.
	},
    title = "{The AGN dusty torus as a clumpy two-phase medium: radiative transfer modeling with SKIRT}",
  journal = {ArXiv e-prints},
archivePrefix = "arXiv",
   eprint = {1301.4244},
 primaryClass = "astro-ph.CO",
 keywords = {Astrophysics - Cosmology and Extragalactic Astrophysics, Astrophysics - Galaxy Astrophysics},
     year = 2013,
    month = jan,
   adsurl = {http://adsabs.harvard.edu/abs/2013arXiv1301.4244S},
  adsnote = {Provided by the SAO/NASA Astrophysics Data System}
}


@ARTICLE{HB14,
   author = {{Humphrey}, A. and {Binette}, L.},
    title = "{Extreme CII emission in type 2 quasars at z\~{}2.5: a signature of kappa-distributed electron energies?}",
  journal = {ArXiv e-prints},
archivePrefix = "arXiv",
   eprint = {1404.6434},
 keywords = {Astrophysics - Astrophysics of Galaxies},
     year = 2014,
    month = apr,
   adsurl = {http://adsabs.harvard.edu/abs/2014arXiv1404.6434H},
  adsnote = {Provided by the SAO/NASA Astrophysics Data System}
}



%% clumpy magnetic acceleration wind
@ARTICLE{emmering1992,
   author = {{Emmering}, R.~T. and {Blandford}, R.~D. and {Shlosman}, I.},
    title = "{Magnetic acceleration of broad emission-line clouds in active galactic nuclei}",
  journal = {\apj},
 keywords = {ACTIVE GALACTIC NUCLEI, EMISSION SPECTRA, LINE SHAPE, LINE SPECTRA, PARTICLE ACCELERATION, ACCRETION DISKS, BLACK HOLES (ASTRONOMY), INTERSTELLAR GAS},
     year = 1992,
    month = feb,
   volume = 385,
    pages = {460-477},
      doi = {10.1086/170955},
   adsurl = {http://adsabs.harvard.edu/abs/1992ApJ...385..460E},
  adsnote = {Provided by the SAO/NASA Astrophysics Data System}
}

%% classic shakura sunyaev alpha disk paper
@ARTICLE{shakurasunyaev1973,
   author = {{Shakura}, N.~I. and {Sunyaev}, R.~A.},
    title = "{Black holes in binary systems. Observational appearance.}",
  journal = {\aap},
     year = 1973,
   volume = 24,
    pages = {337-355},
   adsurl = {http://adsabs.harvard.edu/abs/1973A%26A....24..337S},
  adsnote = {Provided by the SAO/NASA Astrophysics Data System}
}

@ARTICLE{rutten1992,
   author = {{Rutten}, R.~G.~M. and {van Paradijs}, J. and {Tinbergen}, J.
	},
    title = "{Reconstruction of the accretion disk in six cataclysmic variable stars}",
  journal = {\aap},
 keywords = {Accretion Disks, Cataclysmic Variables, Light Curve, Maximum Entropy Method, Eclipsing Binary Stars, Novae},
     year = 1992,
    month = jul,
   volume = 260,
    pages = {213-226},
   adsurl = {http://adsabs.harvard.edu/abs/1992A%26A...260..213R},
  adsnote = {Provided by the SAO/NASA Astrophysics Data System}
}


@ARTICLE{hamannkoesterke1998,
   author = {{Hamann}, W.-R. and {Koesterke}, L.},
    title = "{Spectrum formation in clumped stellar winds: consequences for the analyses of Wolf-Rayet spectra}",
  journal = {\aap},
 keywords = {RADIATIVE TRANSFER, STARS: ATMOSPHERES, STARS: FUNDAMENTAL PARAMETERS, STARS: MASS LOSS, STARS: WOLF-RAYET},
     year = 1998,
    month = jul,
   volume = 335,
    pages = {1003-1008},
   adsurl = {http://cdsads.u-strasbg.fr/abs/1998A%26A...335.1003H},
  adsnote = {Provided by the SAO/NASA Astrophysics Data System}
}


@ARTICLE{oskinova2007,
   author = {{Oskinova}, L.~M. and {Hamann}, W.-R. and {Feldmeier}, A.},
    title = "{Neglecting the porosity of hot-star winds can lead to underestimating mass-loss rates}",
  journal = {\aap},
archivePrefix = "arXiv",
   eprint = {0704.2390},
 keywords = {stars: mass-loss, stars: winds, outflows, stars: atmospheres, stars: early-type, stars: individual: {$\zeta$} Puppis},
     year = 2007,
    month = dec,
   volume = 476,
    pages = {1331-1340},
      doi = {10.1051/0004-6361:20066377},
   adsurl = {http://adsabs.harvard.edu/abs/2007A%26A...476.1331O},
  adsnote = {Provided by the SAO/NASA Astrophysics Data System}
}



%% clumpy line acceleration wind
@ARTICLE{dekool1995,
   author = {{de Kool}, M. and {Begelman}, M.~C.},
    title = "{Radiation Pressure--driven Magnetic Disk Winds in Broad Absorption Line Quasi-stellar Objects}",
  journal = {\apj},
 keywords = {ACCRETION, ACCRETION DISKS, MAGNETOHYDRODYNAMICS: MHD, GALAXIES: QUASARS: ABSORPTION LINES},
     year = 1995,
    month = dec,
   volume = 455,
    pages = {448},
      doi = {10.1086/176594},
   adsurl = {http://adsabs.harvard.edu/abs/1995ApJ...455..448D},
  adsnote = {Provided by the SAO/NASA Astrophysics Data System}
}


@ARTICLE{vanregemorter,
   author = {{van Regemorter}, H.},
    title = "{Rate of Collisional Excitation in Stellar Atmospheres.}",
  journal = {\apj},
     year = 1962,
    month = nov,
   volume = 136,
    pages = {906},
      doi = {10.1086/147445},
   adsurl = {http://adsabs.harvard.edu/abs/1962ApJ...136..906V},
  adsnote = {Provided by the SAO/NASA Astrophysics Data System}
}



%%belloni lecture notes on jets
@PROCEEDINGS{bellonijet2010,
    title = "{The Jet Paradigm}",
booktitle = {Lecture Notes in Physics, Berlin Springer Verlag},
     year = 2010,
   series = {Lecture Notes in Physics, Berlin Springer Verlag},
   volume = 794,
   editor = {{Belloni}, T.},
    month = mar,
      doi = {10.1007/978-3-540-76937-8},
   adsurl = {http://adsabs.harvard.edu/abs/2010LNP...794.....B},
  adsnote = {Provided by the SAO/NASA Astrophysics Data System}
}

%% jets in AGN
@INPROCEEDINGS{marscher2006,
   author = {{Marscher}, A.~P.},
    title = "{Relativistic Jets in Active Galactic Nuclei}",
 keywords = {Jets and bursts, galactic winds and fountains, Active and peculiar galaxies and related systems, Quasars, Radio galaxies},
booktitle = {Relativistic Jets: The Common Physics of AGN, Microquasars, and Gamma-Ray Bursts},
     year = 2006,
   series = {American Institute of Physics Conference Series},
   volume = 856,
   editor = {{Hughes}, P.~A. and {Bregman}, J.~N.},
    month = sep,
    pages = {1-22},
      doi = {10.1063/1.2356381},
   adsurl = {http://adsabs.harvard.edu/abs/2006AIPC..856....1M},
  adsnote = {Provided by the SAO/NASA Astrophysics Data System}
}


%% silk and rees feedback paper
@ARTICLE{silkrees1998,
   author = {{Silk}, J. and {Rees}, M.~J.},
    title = "{Quasars and galaxy formation}",
  journal = {\aap},
   eprint = {arXiv:astro-ph/9801013},
 keywords = {GALAXY FORMATION: SUPERMASSIVE BLACK HOLES, QUASARS: OUTFLOWS},
     year = 1998,
    month = mar,
   volume = 331,
    pages = {L1-L4},
   adsurl = {http://adsabs.harvard.edu/abs/1998A%26A...331L...1S},
  adsnote = {Provided by the SAO/NASA Astrophysics Data System}
}

%%topbase updated opacities
@ARTICLE{topbase2005,
   author = {{Badnell}, N.~R. and {Bautista}, M.~A. and {Butler}, K. and 
	{Delahaye}, F. and {Mendoza}, C. and {Palmeri}, P. and {Zeippen}, C.~J. and 
	{Seaton}, M.~J.},
    title = "{Updated opacities from the Opacity Project}",
  journal = {\mnras},
   eprint = {arXiv:astro-ph/0410744},
 keywords = {atomic processes, radiative transfer, stars: interiors},
     year = 2005,
    month = jun,
   volume = 360,
    pages = {458-464},
      doi = {10.1111/j.1365-2966.2005.08991.x},
   adsurl = {http://adsabs.harvard.edu/abs/2005MNRAS.360..458B},
  adsnote = {Provided by the SAO/NASA Astrophysics Data System}
}

@ARTICLE{blandfordpayne,
   author = {{Blandford}, R.~D. and {Payne}, D.~G.},
    title = "{Hydromagnetic flows from accretion discs and the production of radio jets}",
  journal = {\mnras},
 keywords = {ASTROPHYSICS, ENERGY TRANSFER, MAGNETOHYDRODYNAMIC FLOW, MOMENTUM TRANSFER, RADIO JETS (ASTRONOMY), STELLAR MASS ACCRETION, ANGULAR MOMENTUM, BLACK HOLES (ASTRONOMY), CRITICAL POINT, DISKS (SHAPES), SOLAR CORONA},
     year = 1982,
    month = jun,
   volume = 199,
    pages = {883-903},
   adsurl = {http://adsabs.harvard.edu/abs/1982MNRAS.199..883B},
  adsnote = {Provided by the SAO/NASA Astrophysics Data System}
}

%% stratified QSO winds, infra red and so on
@INPROCEEDINGS{gallagher2007,
   author = {{Gallagher}, S.~C. and {Everett}, J.~E.},
    title = "{Stratified Quasar Winds: Integrating X-ray and Infrared Views of Broad Absorption-line Quasars}",
booktitle = {The Central Engine of Active Galactic Nuclei},
     year = 2007,
   series = {Astronomical Society of the Pacific Conference Series},
   volume = 373,
   eprint = {arXiv:astro-ph/0701076},
   editor = {{Ho}, L.~C. and {Wang}, J.-W.},
    month = oct,
    pages = {305},
   adsurl = {http://adsabs.harvard.edu/abs/2007ASPC..373..305G},
  adsnote = {Provided by the SAO/NASA Astrophysics Data System}
}

%% superlevels and TLUSTY
@ARTICLE{tlusty,
   author = {{Hubeny}, I. and {Lanz}, T.},
    title = "{Non-LTE line-blanketed model atmospheres of hot stars. 1: Hybrid complete linearization/accelerated lambda iteration method}",
  journal = {\apj},
 keywords = {Hot Stars, Iterative Solution, Numerical Analysis, Radiative Transfer, Stellar Atmospheres, Stellar Models, Absorptivity, Equilibrium Equations, Jacobi Matrix Method, Line Spectra, Linearization, Newton-Raphson Method},
     year = 1995,
    month = feb,
   volume = 439,
    pages = {875-904},
      doi = {10.1086/175226},
   adsurl = {http://adsabs.harvard.edu/abs/1995ApJ...439..875H},
  adsnote = {Provided by the SAO/NASA Astrophysics Data System}
}


%% chianti
@INPROCEEDINGS{chianti,
   author = {{Dere}, K.~P. and {Landi}, E. and {Young}, P. and {Del Zanna}, G. and 
  {Mason}, H. and {Landini}, M.},
    title = "{CHIANTI Version 6.0 - Inclusion of Ionization and Recombination Rates}",
booktitle = {AAS/Solar Physics Division Meeting \#40},
     year = 2009,
   series = {AAS/Solar Physics Division Meeting},
   volume = 40,
    month = may,
    pages = {15.04},
   adsurl = {http://adsabs.harvard.edu/abs/2009SPD....40.1504D},
  adsnote = {Provided by the SAO/NASA Astrophysics Data System}
}

%% ferland
@ARTICLE{cloudy2013,
   author = {{Ferland}, G.~J. and {Porter}, R.~L. and {van Hoof}, P.~A.~M. and 
	{Williams}, R.~J.~R. and {Abel}, N.~P. and {Lykins}, M.~L. and 
	{Shaw}, G. and {Henney}, W.~J. and {Stancil}, P.~C.},
    title = "{The 2013 Release of Cloudy}",
  journal = {\rmxaa},
archivePrefix = "arXiv",
   eprint = {1302.4485},
 primaryClass = "astro-ph.GA",
 keywords = {atomic processes, galaxies: active, methods: numerical, molecular processes, radiation mechanisms: general},
     year = 2013,
    month = apr,
   volume = 49,
    pages = {137-163},
   adsurl = {http://adsabs.harvard.edu/abs/2013RMxAA..49..137F},
  adsnote = {Provided by the SAO/NASA Astrophysics Data System}
}


@ARTICLE{kerzendorfsim,
   author = {{Kerzendorf}, W.~E. and {Sim}, S.~A.},
    title = "{A spectral synthesis code for rapid modelling of supernovae}",
  journal = {\mnras},
archivePrefix = "arXiv",
   eprint = {1401.5469},
 primaryClass = "astro-ph.SR",
 keywords = {radiative transfer, methods: numerical, supernovae: general},
     year = 2014,
    month = mar,
   volume = 440,
    pages = {387-404},
      doi = {10.1093/mnras/stu055},
   adsurl = {http://adsabs.harvard.edu/abs/2014MNRAS.440..387K},
  adsnote = {Provided by the SAO/NASA Astrophysics Data System}
}


%% atomdb atomic data 
@article{atomdb,
  author={{Foster}, A.~R. and {Ji}, L. and {Smith}, R.~K.  and {Brickhouse}, N.~S.},
  title={Updated Atomic Data and Calculations for X-Ray Spectroscopy},
  journal={The Astrophysical Journal},
  volume={756},
  number={2},
  pages={128},
  url={http://stacks.iop.org/0004-637X/756/i=2/a=128},
  year={2012},
  abstract={We describe the latest release of AtomDB, version 2.0.2, a database of atomic data and a plasma modeling code with a focus on X-ray astronomy. This release includes several major updates to the fundamental atomic structure and process data held within AtomDB, incorporating new ionization balance data, state-selective recombination data, and updated collisional excitation data for many ions, including the iron L-shell ions from Fe +16 to Fe +23 and all of the hydrogen- and helium-like sequences. We also describe some of the effects that these changes have on calculated emission and diagnostic line ratios, such as changes in the temperature implied by the He-like G -ratios of up to a factor of two.}
}

%% P05 paper- MHD model, one of the models Nick is trying to model
@ARTICLE{P05,
   author = {{Proga}, D.},
    title = "{How Much X-Ray and UV Radiation Processes Are Coupled in Accretion Disks? The Active Galactic Nucleus Case}",
  journal = {\apjl},
   eprint = {arXiv:astro-ph/0507152},
 keywords = {Accretion, Accretion Disks, Galaxies: Active, Galaxies: Nuclei, Methods: Numerical, Radiation Mechanisms: General},
     year = 2005,
    month = sep,
   volume = 630,
    pages = {L9-L12},
      doi = {10.1086/462417},
   adsurl = {http://adsabs.harvard.edu/abs/2005ApJ...630L...9P},
  adsnote = {Provided by the SAO/NASA Astrophysics Data System}
}

@ARTICLE{ioannau2003,
   author = {{Ioannou}, Z. and {van Zyl}, L. and {Naylor}, T. and {Charles}, P.~A. and 
  {Margon}, B. and {Koch-Miramond}, L. and {Ilovaisky}, S.},
    title = "{Understanding the LMXB X2127+119 in M 15. II. The UV data}",
  journal = {\aap},
   eprint = {astro-ph/0212127},
 keywords = {accretion, accretion discs, stars: binaries: eclipsing, stars: coronae, stars: individual: X2127+119, AC211, ultraviolet: stars},
     year = 2003,
    month = feb,
   volume = 399,
    pages = {211-218},
      doi = {10.1051/0004-6361:20021578},
   adsurl = {http://adsabs.harvard.edu/abs/2003A%26A...399..211I},
  adsnote = {Provided by the SAO/NASA Astrophysics Data System}
}

%% IX VEL SPECTRUM
@ARTICLE{beuermann1990,
   author = {{Beuermann}, K. and {Thomas}, H.-C.},
    title = "{Detection of emission lines from the secondary star in IX Velorum (=CPD-48 deg 1577)}",
  journal = {\aap},
 keywords = {Binary Stars, Emission Spectra, Stellar Orbits, Stellar Spectra, Variable Stars, Balmer Series, Cataclysmic Variables, Line Spectra, White Dwarf Stars},
     year = 1990,
    month = apr,
   volume = 230,
    pages = {326-338},
   adsurl = {http://adsabs.harvard.edu/abs/1990A%26A...230..326B},
  adsnote = {Provided by the SAO/NASA Astrophysics Data System}
}

%% RW SEX SPECTRUM
@ARTICLE{beuermann1992,
   author = {{Beuermann}, K. and {Stasiewski}, U. and {Schwope}, A.~D.},
    title = "{Phase-resolved spectroscopy of the novalike cataclysmic variable RW Sextantis}",
  journal = {\aap},
 keywords = {Accretion Disks, Astronomical Spectroscopy, Cataclysmic Variables, White Dwarf Stars, Balmer Series, Emission Spectra, H Beta Line, H Gamma Line, Stellar Magnitude, Stellar Mass Accretion},
     year = 1992,
    month = mar,
   volume = 256,
    pages = {433-437},
   adsurl = {http://adsabs.harvard.edu/abs/1992A%26A...256..433B},
  adsnote = {Provided by the SAO/NASA Astrophysics Data System}
}


%% My first paper
@ARTICLE{M15,
   author = {{Matthews}, J.~H. and {Knigge}, C. and {Long}, K.~S. and {Sim}, S.~A. and 
  {Higginbottom}, N.},
    title = "{The impact of accretion disc winds on the optical spectra of cataclysmic variables}",
  journal = {\mnras},
 keywords = {accretion, accretion discs, line: profiles, radiative transfer, methods: numerical, novae, cataclysmic variables, stars: winds, outflows},
     year = 2015,
    month = jul,
   volume = 450,
    pages = {3331-3344},
      doi = {10.1093/mnras/stv867},
   adsurl = {http://adsabs.harvard.edu/abs/2015MNRAS.450.3331M},
  adsnote = {Provided by the SAO/NASA Astrophysics Data System}
}

@ARTICLE{M16,
   author = {{Matthews}, J.~H. and {Knigge}, C. and {Long}, K.~S. and {Sim}, S.~A. and 
  {Higginbottom}, N. and {Mangham}, S.~W.},
    title = "{Testing Quasar Unification: Radiative Transfer in Clumpy Winds}",
  journal = {\mnras},
archivePrefix = "arXiv",
   eprint = {1602.02765},
 keywords = {galaxies: active, accretion, accretion discs, (galaxies:) quasars: emission lines, (galaxies:) quasars: absorption lines, methods: numerical, radiative transfer},
     year = 2016,
    month = feb,
      doi = {10.1093/mnras/stw323},
   adsurl = {http://adsabs.harvard.edu/abs/2016MNRAS.tmp..124M},
  adsnote = {Provided by the SAO/NASA Astrophysics Data System}
}



@ARTICLE{mangham,
   author = {{Mangham}, S.~W. and {Knigge}, C. and {Matthews}, J.~H. and {Long}, K.~S. and {Sim}, S.~A. and 
  {Higginbottom}, N.},
    title = "{The reverberation signatures of rotating disk winds in AGN}",
     year = {2016},
     journal = {in prep.},
}


@ARTICLE{H14,
   author = {{Higginbottom}, N. and {Proga}, D. and {Knigge}, C. and {Long}, K.~S. and 
  {Matthews}, J.~H. and {Sim}, S.~A.},
    title = "{Line-driven Disk Winds in Active Galactic Nuclei: The Critical Importance of Ionization and Radiative Transfer}",
  journal = {\apj},
archivePrefix = "arXiv",
   eprint = {1402.1849},
 keywords = {accretion, accretion disks, galaxies: active, methods: numerical, quasars: general, radiative transfer },
     year = 2014,
    month = jul,
   volume = 789,
      eid = {19},
    pages = {19},
      doi = {10.1088/0004-637X/789/1/19},
   adsurl = {http://adsabs.harvard.edu/abs/2014ApJ...789...19H},
  adsnote = {Provided by the SAO/NASA Astrophysics Data System}
}
%%%%%%%%%%%%%%%%%%%%%%%%%%% AGN PAPERS 2015
Query Results from the ADS Database


Retrieved 18 abstracts, starting with number 1.  Total number selected: 18.

@ARTICLE{chamberlain2015,
   author = {{Chamberlain}, C. and {Arav}, N. and {Benn}, C.},
    title = "{Strong candidate for AGN feedback: VLT/X-shooter observations of BALQSO SDSS J0831+0354}",
  journal = {\mnras},
 keywords = {line: formation, quasars: absorption lines, quasars: individual: SDSS J083126.15+035408.0},
     year = 2015,
    month = jun,
   volume = 450,
    pages = {1085-1093},
      doi = {10.1093/mnras/stv572},
   adsurl = {http://adsabs.harvard.edu/abs/2015MNRAS.450.1085C},
  adsnote = {Provided by the SAO/NASA Astrophysics Data System}
}
Provided by the SAO/NASA Astrophysics Data System}
}

@ARTICLE{capellupo2015,
   author = {{Capellupo}, D.~M. and {Netzer}, H. and {Lira}, P. and {Trakhtenbrot}, B. and 
  {Mej{\'{\i}}a-Restrepo}, J.},
    title = "{Active galactic nuclei at z = 1.5 - I. Spectral energy distribution and accretion discs}",
  journal = {\mnras},
archivePrefix = "arXiv",
   eprint = {1410.8137},
 keywords = {accretion, accretion discs, galaxies: active, quasars: general},
     year = 2015,
    month = feb,
   volume = 446,
    pages = {3427-3446},
      doi = {10.1093/mnras/stu2266},
   adsurl = {http://adsabs.harvard.edu/abs/2015MNRAS.446.3427C},
  adsnote = {Provided by the SAO/NASA Astrophysics Data System}
}


@ARTICLE{capellupo2014,
   author = {{Capellupo}, D.~M. and {Hamann}, F. and {Barlow}, T.~A.},
    title = "{A variable P v broad absorption line and quasar outflow energetics}",
  journal = {\mnras},
archivePrefix = "arXiv",
   eprint = {1407.7532},
 keywords = {galaxies: active, quasars: absorption lines, quasars: general},
     year = 2014,
    month = oct,
   volume = 444,
    pages = {1893-1900},
      doi = {10.1093/mnras/stu1502},
   adsurl = {http://adsabs.harvard.edu/abs/2014MNRAS.444.1893C},
  adsnote = {Provided by the SAO/NASA Astrophysics Data System}
}

@ARTICLE{zhang2014,
   author = {{Zhang}, S. and {Wang}, H. and {Wang}, T. and {Xing}, F. and 
  {Zhang}, K. and {Zhou}, H. and {Jiang}, P.},
    title = "{Outflow and Hot Dust Emission in Broad Absorption Line Quasars}",
  journal = {\apj},
archivePrefix = "arXiv",
   eprint = {1403.3166},
 keywords = {dust, extinction, galaxies: nuclei, infrared: galaxies, quasars: absorption lines, quasars: general},
     year = 2014,
    month = may,
   volume = 786,
      eid = {42},
    pages = {42},
      doi = {10.1088/0004-637X/786/1/42},
   adsurl = {http://adsabs.harvard.edu/abs/2014ApJ...786...42Z},
  adsnote = {Provided by the SAO/NASA Astrophysics Data System}
}

@ARTICLE{laordavis2014,
   author = {{Laor}, A. and {Davis}, S.~W.},
    title = "{Line-driven winds and the UV turnover in AGN accretion discs}",
  journal = {\mnras},
archivePrefix = "arXiv",
   eprint = {1312.3556},
 primaryClass = "astro-ph.HE",
 keywords = {accretion, accretion discs, black hole physics, galaxies: active, quasars: general},
     year = 2014,
    month = mar,
   volume = 438,
    pages = {3024-3038},
      doi = {10.1093/mnras/stt2408},
   adsurl = {http://adsabs.harvard.edu/abs/2014MNRAS.438.3024L},
  adsnote = {Provided by the SAO/NASA Astrophysics Data System}
}

@ARTICLE{hamann2013,
   author = {{Hamann}, F. and {Chartas}, G. and {McGraw}, S. and {Rodriguez Hidalgo}, P. and 
  {Shields}, J. and {Capellupo}, D. and {Charlton}, J. and {Eracleous}, M.
  },
    title = "{Extreme-velocity quasar outflows and the role of X-ray shielding}",
  journal = {\mnras},
archivePrefix = "arXiv",
   eprint = {1307.1173},
 keywords = {galaxies: active, quasars: absorption lines, quasars: general},
     year = 2013,
    month = oct,
   volume = 435,
    pages = {133-148},
      doi = {10.1093/mnras/stt1231},
   adsurl = {http://adsabs.harvard.edu/abs/2013MNRAS.435..133H},
  adsnote = {Provided by the SAO/NASA Astrophysics Data System}
}

@ARTICLE{munozdarias2013,
   author = {{Mu{\~n}oz-Darias}, T. and {Coriat}, M. and {Plant}, D.~S. and 
  {Ponti}, G. and {Fender}, R.~P. and {Dunn}, R.~J.~H.},
    title = "{Inclination and relativistic effects in the outburst evolution of black hole transients}",
  journal = {\mnras},
archivePrefix = "arXiv",
   eprint = {1304.2072},
 primaryClass = "astro-ph.HE",
 keywords = {accretion, accretion discs, black hole physics, X-rays: binaries},
     year = 2013,
    month = jun,
   volume = 432,
    pages = {1330-1337},
      doi = {10.1093/mnras/stt546},
   adsurl = {http://adsabs.harvard.edu/abs/2013MNRAS.432.1330M},
  adsnote = {Provided by the SAO/NASA Astrophysics Data System}
}

@ARTICLE{capellupo2013,
   author = {{Capellupo}, D.~M. and {Hamann}, F. and {Shields}, J.~C. and 
  {Halpern}, J.~P. and {Barlow}, T.~A.},
    title = "{Variability in quasar broad absorption line outflows - III. What happens on the shortest time-scales?}",
  journal = {\mnras},
archivePrefix = "arXiv",
   eprint = {1211.4868},
 keywords = {galaxies: active, quasars: absorption lines, quasars: general},
     year = 2013,
    month = mar,
   volume = 429,
    pages = {1872-1886},
      doi = {10.1093/mnras/sts427},
   adsurl = {http://adsabs.harvard.edu/abs/2013MNRAS.429.1872C},
  adsnote = {Provided by the SAO/NASA Astrophysics Data System}
}

@ARTICLE{capellupo2012,
   author = {{Capellupo}, D.~M. and {Hamann}, F. and {Shields}, J.~C. and 
  {Rodr{\'{\i}}guez Hidalgo}, P. and {Barlow}, T.~A.},
    title = "{Variability in quasar broad absorption line outflows - II. Multi-epoch monitoring of Si IV and C IV broad absorption line variability}",
  journal = {\mnras},
archivePrefix = "arXiv",
   eprint = {1203.1051},
 keywords = {galaxies: active, quasars: absorption lines, quasars: general},
     year = 2012,
    month = jun,
   volume = 422,
    pages = {3249-3267},
      doi = {10.1111/j.1365-2966.2012.20846.x},
   adsurl = {http://adsabs.harvard.edu/abs/2012MNRAS.422.3249C},
  adsnote = {Provided by the SAO/NASA Astrophysics Data System}
}

@ARTICLE{ponti2012,
   author = {{Ponti}, G. and {Fender}, R.~P. and {Begelman}, M.~C. and {Dunn}, R.~J.~H. and 
  {Neilsen}, J. and {Coriat}, M.},
    title = "{Ubiquitous equatorial accretion disc winds in black hole soft states}",
  journal = {\mnras},
archivePrefix = "arXiv",
   eprint = {1201.4172},
 primaryClass = "astro-ph.HE",
 keywords = {accretion, accretion disc, blackhole physics, methods: observational, techniques: spectroscopic, quasars: absorption lines, X-rays: binaries},
     year = 2012,
    month = may,
   volume = 422,
    pages = {L11},
      doi = {10.1111/j.1745-3933.2012.01224.x},
   adsurl = {http://adsabs.harvard.edu/abs/2012MNRAS.422L..11P},
  adsnote = {Provided by the SAO/NASA Astrophysics Data System}
}

@ARTICLE{capellupo2011,
   author = {{Capellupo}, D.~M. and {Hamann}, F. and {Shields}, J.~C. and 
  {Rodr{\'{\i}}guez Hidalgo}, P. and {Barlow}, T.~A.},
    title = "{Variability in quasar broad absorption line outflows - I. Trends in the short-term versus long-term data}",
  journal = {\mnras},
archivePrefix = "arXiv",
   eprint = {1012.2336},
 keywords = {galaxies: active, quasars: absorption lines, quasars: general},
     year = 2011,
    month = may,
   volume = 413,
    pages = {908-920},
      doi = {10.1111/j.1365-2966.2010.18185.x},
   adsurl = {http://adsabs.harvard.edu/abs/2011MNRAS.413..908C},
  adsnote = {Provided by the SAO/NASA Astrophysics Data System}
}

@ARTICLE{kerrbb2005,
   author = {{Li}, L.-X. and {Zimmerman}, E.~R. and {Narayan}, R. and {McClintock}, J.~E.
  },
    title = "{Multitemperature Blackbody Spectrum of a Thin Accretion Disk around a Kerr Black Hole: Model Computations and Comparison with Observations}",
  journal = {\apjs},
   eprint = {astro-ph/0411583},
 keywords = {Accretion, Accretion Disks, Black Hole Physics, Radiation Mechanisms: Thermal, X-Rays: Binaries},
     year = 2005,
    month = apr,
   volume = 157,
    pages = {335-370},
      doi = {10.1086/428089},
   adsurl = {http://adsabs.harvard.edu/abs/2005ApJS..157..335L},
  adsnote = {Provided by the SAO/NASA Astrophysics Data System}
}

@ARTICLE{bhspec2005,
   author = {{Davis}, S.~W. and {Blaes}, O.~M. and {Hubeny}, I. and {Turner}, N.~J.
  },
    title = "{Relativistic Accretion Disk Models of High-State Black Hole X-Ray Binary Spectra}",
  journal = {\apj},
   eprint = {astro-ph/0408590},
 keywords = {Accretion, Accretion Disks, Black Hole Physics, Radiative Transfer, X-Rays: Binaries},
     year = 2005,
    month = mar,
   volume = 621,
    pages = {372-387},
      doi = {10.1086/427278},
   adsurl = {http://adsabs.harvard.edu/abs/2005ApJ...621..372D},
  adsnote = {Provided by the SAO/NASA Astrophysics Data System}
}

@ARTICLE{gierlinskidone2004,
   author = {{Gierli{\'n}ski}, M. and {Done}, C.},
    title = "{Black hole accretion discs: reality confronts theory}",
  journal = {\mnras},
   eprint = {astro-ph/0307333},
 keywords = {accretion, accretion discs, X-rays: binaries},
     year = 2004,
    month = jan,
   volume = 347,
    pages = {885-894},
      doi = {10.1111/j.1365-2966.2004.07266.x},
   adsurl = {http://adsabs.harvard.edu/abs/2004MNRAS.347..885G},
  adsnote = {Provided by the SAO/NASA Astrophysics Data System}
}

@ARTICLE{davishubeny2006,
   author = {{Davis}, S.~W. and {Hubeny}, I.},
    title = "{A Grid of Relativistic, Non-LTE Accretion Disk Models for Spectral Fitting of Black Hole Binaries}",
  journal = {\apjs},
   eprint = {astro-ph/0602499},
 keywords = {Accretion, Accretion Disks, Black Hole Physics, Radiative Transfer, X-Rays: Binaries},
     year = 2006,
    month = jun,
   volume = 164,
    pages = {530-535},
      doi = {10.1086/503549},
   adsurl = {http://adsabs.harvard.edu/abs/2006ApJS..164..530D},
  adsnote = {Provided by the SAO/NASA Astrophysics Data System}
}


@ARTICLE{murraychiang1998,
   author = {{Murray}, N. and {Chiang}, J.},
    title = "{Photoionization of Disk Winds}",
  journal = {\apj},
 keywords = {ACCRETION, ACCRETION DISKS, LINE: FORMATION, GALAXIES: QUASARS: GENERAL, RADIATIVE TRANSFER, Accretion, Accretion Disks, Line: Formation, Galaxies: Quasars: General, Radiative Transfer},
     year = 1998,
    month = feb,
   volume = 494,
    pages = {125-138},
      doi = {10.1086/305183},
   adsurl = {http://adsabs.harvard.edu/abs/1998ApJ...494..125M},
  adsnote = {Provided by the SAO/NASA Astrophysics Data System}
}

@ARTICLE{zhang1997,
   author = {{Zhang}, S.~N. and {Cui}, W. and {Chen}, W.},
    title = "{Black Hole Spin in X-Ray Binaries: Observational Consequences}",
  journal = {\apjl},
   eprint = {astro-ph/9704072},
 keywords = {BLACK HOLE PHYSICS, X-RAYS: STARS, Black Hole Physics, X-Rays: Stars},
     year = 1997,
    month = jun,
   volume = 482,
    pages = {L155-L158},
      doi = {10.1086/310705},
   adsurl = {http://adsabs.harvard.edu/abs/1997ApJ...482L.155Z},
  adsnote = {Provided by the SAO/NASA Astrophysics Data System}
}

@ARTICLE{goodrich1997,
   author = {{Goodrich}, R.~W.},
    title = "{On the Fraction of Broad Absorption Line Quasi-stellar Objects}",
  journal = {\apj},
 keywords = {Galaxies: Luminosity Function, Mass Function, Galaxies: Statistics, Polarization, Galaxies: Quasars: Absorption Lines},
     year = 1997,
    month = jan,
   volume = 474,
    pages = {606-611},
   adsurl = {http://adsabs.harvard.edu/abs/1997ApJ...474..606G},
  adsnote = {Provided by the SAO/NASA Astrophysics Data System}
}

@ARTICLE{cunningham1975,
   author = {{Cunningham}, C.~T.},
    title = "{The effects of redshifts and focusing on the spectrum of an accretion disk around a Kerr black hole}",
  journal = {\apj},
 keywords = {Black Holes (Astronomy), Red Shift, Stellar Gravitation, X Ray Sources, X Ray Spectra, Angular Momentum, Astronomical Models, Doppler Effect, Mathematical Models, Relativistic Theory, Transfer Functions},
     year = 1975,
    month = dec,
   volume = 202,
    pages = {788-802},
      doi = {10.1086/154033},
   adsurl = {http://adsabs.harvard.edu/abs/1975ApJ...202..788C},
  adsnote = {Provided by the SAO/NASA Astrophysics Data System}
}


%% RMS FLUX

@ARTICLE{scaringi2015a,
   author = {{Scaringi}, S. and {Maccarone}, T.~J. and {Koerding}, E. and 
  {Knigge}, C. and {Vaughan}, S. and {Marsh}, T.~R. and {Aranzana}, E. and 
  {Dhillon}, V. and {Barros}, S.~C.~C.},
    title = "{Accretion-induced variability links young stellar objects, white dwarfs, and black holes}",
  journal = {ArXiv e-prints},
archivePrefix = "arXiv",
   eprint = {1510.02471},
 primaryClass = "astro-ph.HE",
 keywords = {Astrophysics - High Energy Astrophysical Phenomena, Astrophysics - Solar and Stellar Astrophysics},
     year = 2015,
    month = oct,
   adsurl = {http://adsabs.harvard.edu/abs/2015arXiv151002471S},
  adsnote = {Provided by the SAO/NASA Astrophysics Data System}
}

@ARTICLE{scaringi2015b,
   author = {{Scaringi}, S. and {Maccarone}, T.~J. and {Hynes}, R.~I. and 
  {K{\"o}rding}, E. and {Ponti}, G. and {Knigge}, C. and {Britt}, C.~T. and 
  {van Winckel}, H.},
    title = "{Sco X-1 revisited with Kepler, MAXI and HERMES: outflows, time-lags and echoes unveiled}",
  journal = {\mnras},
archivePrefix = "arXiv",
   eprint = {1505.07824},
 primaryClass = "astro-ph.HE",
 keywords = {accretion, accretion discs, X-rays: binaries, X-rays: individual: Sco X-1},
     year = 2015,
    month = aug,
   volume = 451,
    pages = {3857-3867},
      doi = {10.1093/mnras/stv1216},
   adsurl = {http://adsabs.harvard.edu/abs/2015MNRAS.451.3857S},
  adsnote = {Provided by the SAO/NASA Astrophysics Data System}
}

@ARTICLE{heil2012,
   author = {{Heil}, L.~M. and {Vaughan}, S. and {Uttley}, P.},
    title = "{The ubiquity of the rms-flux relation in black hole X-ray binaries}",
  journal = {\mnras},
archivePrefix = "arXiv",
   eprint = {1202.5877},
 primaryClass = "astro-ph.HE",
 keywords = {X-rays: binaries, X-rays: general},
     year = 2012,
    month = may,
   volume = 422,
    pages = {2620-2631},
      doi = {10.1111/j.1365-2966.2012.20824.x},
   adsurl = {http://adsabs.harvard.edu/abs/2012MNRAS.422.2620H},
  adsnote = {Provided by the SAO/NASA Astrophysics Data System}
}

@ARTICLE{scaringi2012,
   author = {{Scaringi}, S. and {K{\"o}rding}, E. and {Uttley}, P. and {Knigge}, C. and 
  {Groot}, P.~J. and {Still}, M.},
    title = "{The universal nature of accretion-induced variability: the rms-flux relation in an accreting white dwarf}",
  journal = {\mnras},
archivePrefix = "arXiv",
   eprint = {1201.0759},
 primaryClass = "astro-ph.SR",
 keywords = {accretion, accretion discs, black hole physics, binaries: close, stars: individual: MV Lyrae, novae, cataclysmic variables, stars: oscillations},
     year = 2012,
    month = apr,
   volume = 421,
    pages = {2854-2860},
      doi = {10.1111/j.1365-2966.2012.20512.x},
   adsurl = {http://adsabs.harvard.edu/abs/2012MNRAS.421.2854S},
  adsnote = {Provided by the SAO/NASA Astrophysics Data System}
}

@ARTICLE{vandesande2015,
   author = {{Van de Sande}, M. and {Scaringi}, S. and {Knigge}, C.},
    title = "{The rms-flux relation in accreting white dwarfs: another nova-like variable and the first dwarf nova}",
  journal = {\mnras},
archivePrefix = "arXiv",
   eprint = {1501.05295},
 primaryClass = "astro-ph.SR",
 keywords = {accretion, accretion discs, binaries: close, stars: dwarf novae, stars: individual: V1504 Cyg, stars: individual: KIC 8751494, novae, cataclysmic variables},
     year = 2015,
    month = apr,
   volume = 448,
    pages = {2430-2437},
      doi = {10.1093/mnras/stv157},
   adsurl = {http://adsabs.harvard.edu/abs/2015MNRAS.448.2430V},
  adsnote = {Provided by the SAO/NASA Astrophysics Data System}
}

@ARTICLE{uttley2001,
   author = {{Uttley}, P. and {McHardy}, I.~M.},
    title = "{The flux-dependent amplitude of broadband noise variability in X-ray binaries and active galaxies}",
  journal = {\mnras},
   eprint = {astro-ph/0103367},
 keywords = {GALAXIES: ACTIVE, GALAXIES: SEYFERT, X-RAYS: INDIVIDUAL: CYG X-1, X-RAYS: INDIVIDUAL: SAX J1808.4-3658, X-RAYS: STARS},
     year = 2001,
    month = may,
   volume = 323,
    pages = {L26-L30},
      doi = {10.1046/j.1365-8711.2001.04496.x},
   adsurl = {http://adsabs.harvard.edu/abs/2001MNRAS.323L..26U},
  adsnote = {Provided by the SAO/NASA Astrophysics Data System}
}

@ARTICLE{uttley2005,
   author = {{Uttley}, P. and {McHardy}, I.~M. and {Vaughan}, S.},
    title = "{Non-linear X-ray variability in X-ray binaries and active galaxies}",
  journal = {\mnras},
   eprint = {astro-ph/0502112},
 keywords = {methods: data analysis, methods: statistical, galaxies: active, X-rays: binaries, X-rays: galaxies, X-rays: individual: Cygnus X-1},
     year = 2005,
    month = may,
   volume = 359,
    pages = {345-362},
      doi = {10.1111/j.1365-2966.2005.08886.x},
   adsurl = {http://adsabs.harvard.edu/abs/2005MNRAS.359..345U},
  adsnote = {Provided by the SAO/NASA Astrophysics Data System}
}







