Query Results from the ADS Database


Retrieved 73 abstracts, starting with number 1.  Total number selected: 73.

@ARTICLE{2007AJ....133.1271H,
   author = {{Hall}, P.~B.},
    title = "{A Quasar with Broad Absorption in the Balmer Lines}",
  journal = {\aj},
   eprint = {astro-ph/0611922},
 keywords = {quasars: absorption lines, quasars: general, quasars: individual: NGC 4151: SDSS J083942.11+380526.3: FBQS J2107-0620: SDSS J125942.80+121312.6},
     year = 2007,
    month = apr,
   volume = 133,
    pages = {1271-1274},
      doi = {10.1086/511272},
   adsurl = {http://adsabs.harvard.edu/abs/2007AJ....133.1271H},
  adsnote = {Provided by the SAO/NASA Astrophysics Data System}
}

@ARTICLE{2006Natur.444..343J,
   author = {{Ji}, H. and {Burin}, M. and {Schartman}, E. and {Goodman}, J.
	},
    title = "{Hydrodynamic turbulence cannot transport angular momentum effectively in astrophysical disks}",
  journal = {\nat},
   eprint = {astro-ph/0611481},
     year = 2006,
    month = nov,
   volume = 444,
    pages = {343-346},
      doi = {10.1038/nature05323},
   adsurl = {http://adsabs.harvard.edu/abs/2006Natur.444..343J},
  adsnote = {Provided by the SAO/NASA Astrophysics Data System}
}

@ARTICLE{2006ApJ...651...84A,
   author = {{Aoki}, K. and {Iwata}, I. and {Ohta}, K. and {Ando}, M. and 
	{Akiyama}, M. and {Tamura}, N.},
    title = "{Discovery of H{$\alpha$} Absorption in the Unusual Broad Absorption Line Quasar SDSS J083942.11+380526.3}",
  journal = {\apj},
   eprint = {astro-ph/0607036},
 keywords = {Galaxies: Active, Galaxies: Quasars: Absorption Lines, Galaxies: Quasars: Emission Lines, quasars: individual (SDSS J083942.11+380526.3)},
     year = 2006,
    month = nov,
   volume = 651,
    pages = {84-92},
      doi = {10.1086/507438},
   adsurl = {http://adsabs.harvard.edu/abs/2006ApJ...651...84A},
  adsnote = {Provided by the SAO/NASA Astrophysics Data System}
}

@ARTICLE{2006Natur.441..953M,
   author = {{Miller}, J.~M. and {Raymond}, J. and {Fabian}, A. and {Steeghs}, D. and 
	{Homan}, J. and {Reynolds}, C. and {van der Klis}, M. and {Wijnands}, R.
	},
    title = "{The magnetic nature of disk accretion onto black holes}",
  journal = {\nat},
   eprint = {astro-ph/0605390},
     year = 2006,
    month = jun,
   volume = 441,
    pages = {953-955},
      doi = {10.1038/nature04912},
   adsurl = {http://adsabs.harvard.edu/abs/2006Natur.441..953M},
  adsnote = {Provided by the SAO/NASA Astrophysics Data System}
}

@ARTICLE{2005ApJ...633..693K,
   author = {{Kraemer}, S.~B. and {George}, I.~M. and {Crenshaw}, D.~M. and 
	{Gabel}, J.~R. and {Turner}, T.~J. and {Gull}, T.~R. and {Hutchings}, J.~B. and 
	{Kriss}, G.~A. and {Mushotzky}, R.~F. and {Netzer}, H. and {Peterson}, B.~M. and 
	{Behar}, E.},
    title = "{Simultaneous Ultraviolet and X-Ray Observations of Seyfert Galaxy NGC 4151. I. Physical Conditions in the X-Ray Absorbers}",
  journal = {\apj},
   eprint = {astro-ph/0507354},
 keywords = {Galaxies: Individual: NGC Number: NGC 4151, Galaxies: Seyfert, X-Rays: Galaxies},
     year = 2005,
    month = nov,
   volume = 633,
    pages = {693-705},
      doi = {10.1086/466522},
   adsurl = {http://adsabs.harvard.edu/abs/2005ApJ...633..693K},
  adsnote = {Provided by the SAO/NASA Astrophysics Data System}
}

@ARTICLE{2005ApJ...631..689E,
   author = {{Everett}, J.~E.},
    title = "{Radiative Transfer and Acceleration in Magnetocentrifugal Winds}",
  journal = {\apj},
   eprint = {astro-ph/0506321},
 keywords = {Galaxies: Active, Galaxies: Jets, Hydrodynamics, Magnetohydrodynamics: MHD, Galaxies: Quasars: General, Radiative Transfer},
     year = 2005,
    month = oct,
   volume = 631,
    pages = {689-706},
      doi = {10.1086/432678},
   adsurl = {http://adsabs.harvard.edu/abs/2005ApJ...631..689E},
  adsnote = {Provided by the SAO/NASA Astrophysics Data System}
}

@ARTICLE{2005ApJ...630L...9P,
   author = {{Proga}, D.},
    title = "{How Much X-Ray and UV Radiation Processes Are Coupled in Accretion Disks? The Active Galactic Nucleus Case}",
  journal = {\apjl},
   eprint = {astro-ph/0507152},
 keywords = {Accretion, Accretion Disks, Galaxies: Active, Galaxies: Nuclei, Methods: Numerical, Radiation Mechanisms: General},
     year = 2005,
    month = sep,
   volume = 630,
    pages = {L9-L12},
      doi = {10.1086/462417},
   adsurl = {http://adsabs.harvard.edu/abs/2005ApJ...630L...9P},
  adsnote = {Provided by the SAO/NASA Astrophysics Data System}
}

@ARTICLE{2005ApJ...625..680C,
   author = {{Crenshaw}, D.~M. and {Kraemer}, S.~B.},
    title = "{The Connection between the Narrow-Line Region and the UV Absorbers in Seyfert Galaxies}",
  journal = {\apj},
   eprint = {astro-ph/0501257},
 keywords = {Galaxies: Seyfert, Ultraviolet: Galaxies},
     year = 2005,
    month = jun,
   volume = 625,
    pages = {680-687},
      doi = {10.1086/429581},
   adsurl = {http://adsabs.harvard.edu/abs/2005ApJ...625..680C},
  adsnote = {Provided by the SAO/NASA Astrophysics Data System}
}

@ARTICLE{2005ApJ...625...95C,
   author = {{Chelouche}, D. and {Netzer}, H.},
    title = "{Dynamical and Spectral Modeling of the Ionized Gas and Nuclear Environment in NGC 3783}",
  journal = {\apj},
   eprint = {astro-ph/0502272},
 keywords = {Acceleration of Particles, Galaxies: Seyfert, ISM: Jets and Outflows, Galaxies: Quasars: Absorption Lines, X-Rays: Individual: NGC Number: NGC 3783},
     year = 2005,
    month = may,
   volume = 625,
    pages = {95-107},
      doi = {10.1086/429580},
   adsurl = {http://adsabs.harvard.edu/abs/2005ApJ...625...95C},
  adsnote = {Provided by the SAO/NASA Astrophysics Data System}
}

@ARTICLE{2005ApJ...620..665A,
   author = {{Arav}, N. and {Kaastra}, J. and {Kriss}, G.~A. and {Korista}, K.~T. and 
	{Gabel}, J. and {Proga}, D.},
    title = "{X-Ray/Ultraviolet Campaign on the Mrk 279 AGN Outflow: Constraining Inhomogeneous Absorber Models}",
  journal = {\apj},
   eprint = {astro-ph/0406200},
 keywords = {Galaxies: Active, Galaxies: Individual: Name: Markarian 279, Galaxies: Seyfert, Line: Formation, Galaxies: Quasars: Absorption Lines},
     year = 2005,
    month = feb,
   volume = 620,
    pages = {665-672},
      doi = {10.1086/425560},
   adsurl = {http://adsabs.harvard.edu/abs/2005ApJ...620..665A},
  adsnote = {Provided by the SAO/NASA Astrophysics Data System}
}

@ARTICLE{2005AJ....129...73R,
   author = {{Ruiz}, J.~R. and {Crenshaw}, D.~M. and {Kraemer}, S.~B. and 
	{Bower}, G.~A. and {Gull}, T.~R. and {Hutchings}, J.~B. and 
	{Kaiser}, M.~E. and {Weistrop}, D.},
    title = "{Probing the Kinematics of the Narrow-Line Region in Seyfert Galaxies with Slitless Spectroscopy: Observational Results}",
  journal = {\aj},
   eprint = {astro-ph/0409754},
 keywords = {Galaxies: Seyfert},
     year = 2005,
    month = jan,
   volume = 129,
    pages = {73-85},
      doi = {10.1086/426372},
   adsurl = {http://adsabs.harvard.edu/abs/2005AJ....129...73R},
  adsnote = {Provided by the SAO/NASA Astrophysics Data System}
}

@ARTICLE{2003ApJ...595...85C,
   author = {{Chartas}, G. and {Brandt}, W.~N. and {Gallagher}, S.~C.},
    title = "{XMM-Newton Reveals the Quasar Outflow in PG 1115+080}",
  journal = {\apj},
   eprint = {astro-ph/0306125},
 keywords = {Galaxies: Active, Cosmology: Gravitational Lensing, Galaxies: Quasars: Absorption Lines, Galaxies: Quasars: Individual: Alphanumeric: PG 1115+080, Galaxies: Quasars: Individual: Alphanumeric: APM 08279+5255, X-Rays: Galaxies},
     year = 2003,
    month = sep,
   volume = 595,
    pages = {85-93},
      doi = {10.1086/377299},
   adsurl = {http://adsabs.harvard.edu/abs/2003ApJ...595...85C},
  adsnote = {Provided by the SAO/NASA Astrophysics Data System}
}

@ARTICLE{2003ApJ...594..116C,
   author = {{Crenshaw}, D.~M. and {Kraemer}, S.~B. and {Gabel}, J.~R. and 
	{Kaastra}, J.~S. and {Steenbrugge}, K.~C. and {Brinkman}, A.~C. and 
	{Dunn}, J.~P. and {George}, I.~M. and {Liedahl}, D.~A. and {Paerels}, F.~B.~S. and 
	{Turner}, T.~J. and {Yaqoob}, T.},
    title = "{Simultaneous Ultraviolet and X-Ray Spectroscopy of the Seyfert 1 Galaxy NGC 5548. I. Physical Conditions in the Ultraviolet Absorbers}",
  journal = {\apj},
   eprint = {astro-ph/0305154},
 keywords = {Galaxies: Active, Galaxies: Individual: NGC Number: NGC 5548, Galaxies: Seyfert, Ultraviolet: Galaxies},
     year = 2003,
    month = sep,
   volume = 594,
    pages = {116-127},
      doi = {10.1086/376792},
   adsurl = {http://adsabs.harvard.edu/abs/2003ApJ...594..116C},
  adsnote = {Provided by the SAO/NASA Astrophysics Data System}
}

@ARTICLE{2003ApJ...592L...9P,
   author = {{Proga}, D.},
    title = "{On Resonance-Line Profiles Predicted by Radiation-driven Disk-Wind Models}",
  journal = {\apjl},
   eprint = {astro-ph/0306098},
 keywords = {Accretion, Accretion Disks, Galaxies: Active, Galaxies: Nuclei, Methods: Numerical, Stars: Novae, Cataclysmic Variables, Stars: Winds, Outflows},
     year = 2003,
    month = jul,
   volume = 592,
    pages = {L9-L12},
      doi = {10.1086/377349},
   adsurl = {http://adsabs.harvard.edu/abs/2003ApJ...592L...9P},
  adsnote = {Provided by the SAO/NASA Astrophysics Data System}
}

@ARTICLE{2003ApJ...585..406P,
   author = {{Proga}, D.},
    title = "{Numerical Simulations of Mass Outflows Driven from Accretion Disks by Radiation and Magnetic Forces}",
  journal = {\apj},
   eprint = {astro-ph/0210642},
 keywords = {Accretion, Accretion Disks, Stars: Binaries: Close, Galaxies: Nuclei, Methods: Numerical, Magnetohydrodynamics: MHD},
     year = 2003,
    month = mar,
   volume = 585,
    pages = {406-417},
      doi = {10.1086/345897},
   adsurl = {http://adsabs.harvard.edu/abs/2003ApJ...585..406P},
  adsnote = {Provided by the SAO/NASA Astrophysics Data System}
}

@ARTICLE{2003ApJ...583..178G,
   author = {{Gabel}, J.~R. and {Crenshaw}, D.~M. and {Kraemer}, S.~B. and 
	{Brandt}, W.~N. and {George}, I.~M. and {Hamann}, F.~W. and 
	{Kaiser}, M.~E. and {Kaspi}, S. and {Kriss}, G.~A. and {Mathur}, S. and 
	{Mushotzky}, R.~F. and {Nandra}, K. and {Netzer}, H. and {Peterson}, B.~M. and 
	{Shields}, J.~C. and {Turner}, T.~J. and {Zheng}, W.},
    title = "{The Ionized Gas and Nuclear Environment in NGC 3783. II. Averaged Hubble Space Telescope/STIS and Far Ultraviolet Spectroscopic Explorer Spectra}",
  journal = {\apj},
   eprint = {astro-ph/0209484},
 keywords = {Galaxies: Active, Galaxies: Individual: NGC Number: NGC 3783, Galaxies: Seyfert, Ultraviolet: Galaxies},
     year = 2003,
    month = jan,
   volume = 583,
    pages = {178-191},
      doi = {10.1086/345096},
   adsurl = {http://adsabs.harvard.edu/abs/2003ApJ...583..178G},
  adsnote = {Provided by the SAO/NASA Astrophysics Data System}
}

@ARTICLE{2002AJ....124.2543H,
   author = {{Hutchings}, J.~B. and {Crenshaw}, D.~M. and {Kraemer}, S.~B. and 
	{Gabel}, J.~R. and {Kaiser}, M.~E. and {Weistrop}, D. and {Gull}, T.~R.
	},
    title = "{Balmer and He I Absorption in the Nuclear Spectrum of NGC 4151}",
  journal = {\aj},
   eprint = {astro-ph/0208262},
 keywords = {Galaxies: Individual: NGC Number: NGC 4151, Galaxies: Seyfert},
     year = 2002,
    month = nov,
   volume = 124,
    pages = {2543-2547},
      doi = {10.1086/344080},
   adsurl = {http://adsabs.harvard.edu/abs/2002AJ....124.2543H},
  adsnote = {Provided by the SAO/NASA Astrophysics Data System}
}

@ARTICLE{2002ApJS..141..267H,
   author = {{Hall}, P.~B. and {Anderson}, S.~F. and {Strauss}, M.~A. and 
	{York}, D.~G. and {Richards}, G.~T. and {Fan}, X. and {Knapp}, G.~R. and 
	{Schneider}, D.~P. and {Vanden Berk}, D.~E. and {Geballe}, T.~R. and 
	{Bauer}, A.~E. and {Becker}, R.~H. and {Davis}, M. and {Rix}, H.-W. and 
	{Nichol}, R.~C. and {Bahcall}, N.~A. and {Brinkmann}, J. and 
	{Brunner}, R. and {Connolly}, A.~J. and {Csabai}, I. and {Doi}, M. and 
	{Fukugita}, M. and {Gunn}, J.~E. and {Haiman}, Z. and {Harvanek}, M. and 
	{Heckman}, T.~M. and {Hennessy}, G.~S. and {Inada}, N. and {Ivezi{\'c}}, {\v Z}. and 
	{Johnston}, D. and {Kleinman}, S. and {Krolik}, J.~H. and {Krzesinski}, J. and 
	{Kunszt}, P.~Z. and {Lamb}, D.~Q. and {Long}, D.~C. and {Lupton}, R.~H. and 
	{Miknaitis}, G. and {Munn}, J.~A. and {Narayanan}, V.~K. and 
	{Neilsen}, E. and {Newman}, P.~R. and {Nitta}, A. and {Okamura}, S. and 
	{Pentericci}, L. and {Pier}, J.~R. and {Schlegel}, D.~J. and 
	{Snedden}, S. and {Szalay}, A.~S. and {Thakar}, A.~R. and {Tsvetanov}, Z. and 
	{White}, R.~L. and {Zheng}, W.},
    title = "{Unusual Broad Absorption Line Quasars from the Sloan Digital Sky Survey}",
  journal = {\apjs},
   eprint = {astro-ph/0203252},
 keywords = {Atomic Processes, Line: Identification, Galaxies: Quasars: Absorption Lines, Galaxies: Quasars: Emission Lines, Galaxies: Quasars: General, Radiative Transfer},
     year = 2002,
    month = aug,
   volume = 141,
    pages = {267-309},
      doi = {10.1086/340546},
   adsurl = {http://adsabs.harvard.edu/abs/2002ApJS..141..267H},
  adsnote = {Provided by the SAO/NASA Astrophysics Data System}
}

@ARTICLE{2002ApJ...572..382P,
   author = {{Proga}, D. and {Kallman}, T.~R. and {Drew}, J.~E. and {Hartley}, L.~E.
	},
    title = "{Resonance Line Profile Calculations Based on Hydrodynamical Models of Cataclysmic Variable Winds}",
  journal = {\apj},
   eprint = {astro-ph/0202384},
 keywords = {Accretion, Accretion Disks, Methods: Numerical, Stars: Novae, Cataclysmic Variables, Stars: Winds, Outflows},
     year = 2002,
    month = jun,
   volume = 572,
    pages = {382-391},
      doi = {10.1086/340339},
   adsurl = {http://adsabs.harvard.edu/abs/2002ApJ...572..382P},
  adsnote = {Provided by the SAO/NASA Astrophysics Data System}
}

@ARTICLE{2002ApJ...569..671E,
   author = {{Everett}, J. and {K{\"o}nigl}, A. and {Arav}, N.},
    title = "{Observational Evidence for a Multiphase Outflow in Quasar FIRST J1044+3656}",
  journal = {\apj},
   eprint = {astro-ph/0201268},
 keywords = {Galaxies: Active, Galaxies: Seyfert, Magnetohydrodynamics: MHD, Galaxies: Quasars: Absorption Lines, Galaxies: Quasars: Individual: Alphanumeric: FIRST J104459.5+365505},
     year = 2002,
    month = apr,
   volume = 569,
    pages = {671-675},
      doi = {10.1086/339346},
   adsurl = {http://adsabs.harvard.edu/abs/2002ApJ...569..671E},
  adsnote = {Provided by the SAO/NASA Astrophysics Data System}
}

@ARTICLE{2002ApJ...565.1035K,
   author = {{Kato}, S.~X. and {Kudoh}, T. and {Shibata}, K.},
    title = "{2.5-dimensional Nonsteady Magnetohydrodynamic Simulations of Magnetically Driven Jets from Geometrically Thin Disks}",
  journal = {\apj},
 keywords = {Accretion, Accretion Disks, Galaxies: Jets, ISM: Jets and Outflows, Magnetohydrodynamics: MHD},
     year = 2002,
    month = feb,
   volume = 565,
    pages = {1035-1049},
      doi = {10.1086/324776},
   adsurl = {http://adsabs.harvard.edu/abs/2002ApJ...565.1035K},
  adsnote = {Provided by the SAO/NASA Astrophysics Data System}
}

@ARTICLE{2002ApJ...565..455P,
   author = {{Proga}, D. and {Kallman}, T.~R.},
    title = "{On the Role of the Ultraviolet and X-Ray Radiation in Driving a Disk Wind in X-Ray Binaries}",
  journal = {\apj},
   eprint = {astro-ph/0109064},
 keywords = {Accretion, Accretion Disks, Stars: Binaries: Close, Galaxies: Active, Hydrodynamics, Methods: Numerical, X-Rays: Binaries},
     year = 2002,
    month = jan,
   volume = 565,
    pages = {455-470},
      doi = {10.1086/324534},
   adsurl = {http://adsabs.harvard.edu/abs/2002ApJ...565..455P},
  adsnote = {Provided by the SAO/NASA Astrophysics Data System}
}

@INPROCEEDINGS{2002ASPC..255..309P,
   author = {{Proga}, D.},
    title = "{Dynamics of Line-Driven Disk Winds}",
booktitle = {Mass Outflow in Active Galactic Nuclei: New Perspectives},
     year = 2002,
   series = {Astronomical Society of the Pacific Conference Series},
   volume = 255,
   eprint = {astro-ph/0109092},
   editor = {{Crenshaw}, D.~M. and {Kraemer}, S.~B. and {George}, I.~M.},
    pages = {309},
   adsurl = {http://adsabs.harvard.edu/abs/2002ASPC..255..309P},
  adsnote = {Provided by the SAO/NASA Astrophysics Data System}
}

@PROCEEDINGS{2002ASPC..255.....C,
    title = "{Mass Outflow in Active Galactic Nuclei: New Perspectives}",
booktitle = {Mass Outflow in Active Galactic Nuclei: New Perspectives},
     year = 2002,
   series = {Astronomical Society of the Pacific Conference Series},
   volume = 255,
   editor = {{Crenshaw}, D.~M. and {Kraemer}, S.~B. and {George}, I.~M.},
   adsurl = {http://adsabs.harvard.edu/abs/2002ASPC..255.....C},
  adsnote = {Provided by the SAO/NASA Astrophysics Data System}
}

@ARTICLE{2000ApJ...543..686P,
   author = {{Proga}, D. and {Stone}, J.~M. and {Kallman}, T.~R.},
    title = "{Dynamics of Line-driven Disk Winds in Active Galactic Nuclei}",
  journal = {\apj},
   eprint = {astro-ph/0005315},
 keywords = {Accretion, Accretion Disks, Galaxies: Active, Hydrodynamics, Instabilities, Methods: Numerical},
     year = 2000,
    month = nov,
   volume = 543,
    pages = {686-696},
      doi = {10.1086/317154},
   adsurl = {http://adsabs.harvard.edu/abs/2000ApJ...543..686P},
  adsnote = {Provided by the SAO/NASA Astrophysics Data System}
}

@ARTICLE{2000ApJ...538..684P,
   author = {{Proga}, D.},
    title = "{Winds from Accretion Disks Driven by Radiation and Magnetocentrifugal Force}",
  journal = {\apj},
   eprint = {astro-ph/0002441},
 keywords = {Accretion, Accretion Disks, Hydrodynamics, Magnetohydrodynamics: MHD, Methods: Numerical},
     year = 2000,
    month = aug,
   volume = 538,
    pages = {684-690},
      doi = {10.1086/309154},
   adsurl = {http://adsabs.harvard.edu/abs/2000ApJ...538..684P},
  adsnote = {Provided by the SAO/NASA Astrophysics Data System}
}

@ARTICLE{2000ApJ...537..134B,
   author = {{Bottorff}, M.~C. and {Korista}, K.~T. and {Shlosman}, I.},
    title = "{Dynamics of Warm Absorbing Gas in Seyfert Galaxies: NGC 5548}",
  journal = {\apj},
   eprint = {astro-ph/0001514},
 keywords = {Galaxies: Active, Galaxies: Individual: NGC Number: NGC 5548, Galaxies: Nuclei, Galaxies: Seyfert, Ultraviolet: Galaxies, X-Rays: Galaxies},
     year = 2000,
    month = jul,
   volume = 537,
    pages = {134-151},
      doi = {10.1086/309006},
   adsurl = {http://adsabs.harvard.edu/abs/2000ApJ...537..134B},
  adsnote = {Provided by the SAO/NASA Astrophysics Data System}
}

@ARTICLE{2000A&A...354L..83K,
   author = {{Kaastra}, J.~S. and {Mewe}, R. and {Liedahl}, D.~A. and {Komossa}, S. and 
	{Brinkman}, A.~C.},
    title = "{X-ray absorption lines in the Seyfert 1 galaxy NGC 5548 discovered with Chandra-LETGS}",
  journal = {\aap},
   eprint = {astro-ph/0002345},
 keywords = {GALAXIES: INDIVIDUAL: NGC 5548, GALAXIES: SEYFERT, GALAXIES: QUASARS: ABSORPTION LINES, X-RAYS: GALAXIES},
     year = 2000,
    month = feb,
   volume = 354,
    pages = {L83-L86},
   adsurl = {http://adsabs.harvard.edu/abs/2000A%26A...354L..83K},
  adsnote = {Provided by the SAO/NASA Astrophysics Data System}
}

@ARTICLE{2000ApJ...528..637B,
   author = {{Brandt}, W.~N. and {Laor}, A. and {Wills}, B.~J.},
    title = "{On the Nature of Soft X-Ray Weak Quasi-stellar Objects}",
  journal = {\apj},
   eprint = {astro-ph/9908016},
 keywords = {GALAXIES: ACTIVE, GALAXIES: NUCLEI, GALAXIES: QUASARS: GENERAL, X-RAYS: GALAXIES, Galaxies: Active, Galaxies: Nuclei, Galaxies: Quasars: General, X-Rays: Galaxies},
     year = 2000,
    month = jan,
   volume = 528,
    pages = {637-649},
      doi = {10.1086/308207},
   adsurl = {http://adsabs.harvard.edu/abs/2000ApJ...528..637B},
  adsnote = {Provided by the SAO/NASA Astrophysics Data System}
}

@ARTICLE{1999ApJ...526..631K,
   author = {{Krasnopolsky}, R. and {Li}, Z.-Y. and {Blandford}, R.},
    title = "{Magnetocentrifugal Launching of Jets from Accretion Disks. I. Cold Axisymmetric Flows}",
  journal = {\apj},
   eprint = {astro-ph/9902200},
 keywords = {GALAXIES: ACTIVE, ISM: JETS AND OUTFLOWS, METHODS: NUMERICAL, MAGNETOHYDRODYNAMICS: MHD, Galaxies: Active, ISM: Jets and Outflows, Methods: Numerical, Magnetohydrodynamics: MHD},
     year = 1999,
    month = dec,
   volume = 526,
    pages = {631-642},
      doi = {10.1086/308023},
   adsurl = {http://adsabs.harvard.edu/abs/1999ApJ...526..631K},
  adsnote = {Provided by the SAO/NASA Astrophysics Data System}
}

@ARTICLE{1999MNRAS.309..233O,
   author = {{Ouyed}, R. and {Pudritz}, R.~E.},
    title = "{Numerical simulations of astrophysical jets from Keplerian discs - III. The effects of mass loading}",
  journal = {\mnras},
     year = 1999,
    month = oct,
   volume = 309,
    pages = {233-244},
      doi = {10.1046/j.1365-8711.1999.02828.x},
   adsurl = {http://adsabs.harvard.edu/abs/1999MNRAS.309..233O},
  adsnote = {Provided by the SAO/NASA Astrophysics Data System}
}

@BOOK{1999isw..book.....L,
   author = {{Lamers}, H.~J.~G.~L.~M. and {Cassinelli}, J.~P.},
    title = "{Introduction to Stellar Winds}",
booktitle = {Introduction to Stellar Winds, by Henny J.~G.~L.~M.~Lamers and Joseph P.~Cassinelli, pp.~452.~ISBN 0521593980.~Cambridge, UK: Cambridge University Press, June 1999.},
     year = 1999,
    month = jun,
    pages = {452},
   adsurl = {http://adsabs.harvard.edu/abs/1999isw..book.....L},
  adsnote = {Provided by the SAO/NASA Astrophysics Data System}
}

@ARTICLE{1999ApJ...516..750C,
   author = {{Crenshaw}, D.~M. and {Kraemer}, S.~B. and {Boggess}, A. and 
	{Maran}, S.~P. and {Mushotzky}, R.~F. and {Wu}, C.-C.},
    title = "{Intrinsic Absorption Lines in Seyfert 1 Galaxies. I. Ultraviolet Spectra from the Hubble Space Telescope}",
  journal = {\apj},
   eprint = {astro-ph/9812265},
 keywords = {GALAXIES: SEYFERT, LINE: IDENTIFICATION, ULTRAVIOLET: GALAXIES, Galaxies: Seyfert, Line: Identification, Ultraviolet: Galaxies},
     year = 1999,
    month = may,
   volume = 516,
    pages = {750-768},
      doi = {10.1086/307144},
   adsurl = {http://adsabs.harvard.edu/abs/1999ApJ...516..750C},
  adsnote = {Provided by the SAO/NASA Astrophysics Data System}
}

@ARTICLE{1999ApJ...516..221U,
   author = {{Ustyugova}, G.~V. and {Koldoba}, A.~V. and {Romanova}, M.~M. and 
	{Chechetkin}, V.~M. and {Lovelace}, R.~V.~E.},
    title = "{Magnetocentrifugally Driven Winds: Comparison of MHD Simulations with Theory}",
  journal = {\apj},
   eprint = {astro-ph/9812284},
 keywords = {ACCRETION, ACCRETION DISKS, GALAXIES: JETS, ISM: JETS AND OUTFLOWS, ISM: MAGNETIC FIELDS, MAGNETOHYDRODYNAMICS: MHD, PLASMAS, Accretion, Accretion Disks, Galaxies: Jets, ISM: Jets and Outflows, ISM: Magnetic Fields, Magnetohydrodynamics: MHD, Plasmas},
     year = 1999,
    month = may,
   volume = 516,
    pages = {221-235},
      doi = {10.1086/307093},
   adsurl = {http://adsabs.harvard.edu/abs/1999ApJ...516..221U},
  adsnote = {Provided by the SAO/NASA Astrophysics Data System}
}

@BOOK{1999agnc.book.....K,
   author = {{Krolik}, J.~H.},
    title = "{Active galactic nuclei : from the central black hole to the galactic environment}",
booktitle = {Active galactic nuclei : from the central black hole to the galactic environment /Julian H.~Krolik.~Princeton, N.~J.~: Princeton University Press, c1999.},
     year = 1999,
   adsurl = {http://adsabs.harvard.edu/abs/1999agnc.book.....K},
  adsnote = {Provided by the SAO/NASA Astrophysics Data System}
}

@ARTICLE{1998MNRAS.295..595P,
   author = {{Proga}, D. and {Stone}, J.~M. and {Drew}, J.~E.},
    title = "{Radiation-driven winds from luminous accretion discs}",
  journal = {\mnras},
   eprint = {astro-ph/9710305},
 keywords = {Accretion Disks, Stellar Winds, Hydrodynamics, Radiation Pressure, Time Dependence, Cataclysmic Variables},
     year = 1998,
    month = apr,
   volume = 295,
    pages = {595},
      doi = {10.1046/j.1365-8711.1998.01337.x},
   adsurl = {http://adsabs.harvard.edu/abs/1998MNRAS.295..595P},
  adsnote = {Provided by the SAO/NASA Astrophysics Data System}
}

@ARTICLE{1998RvMP...70....1B,
   author = {{Balbus}, S.~A. and {Hawley}, J.~F.},
    title = "{Instability, turbulence, and enhanced transport in accretion disks}",
  journal = {Reviews of Modern Physics},
 keywords = {Accretion and accretion disks, Hydrodynamics, Infall accretion and accretion disks, Plasma dynamics and flow, Plasma turbulence, Magnetohydrodynamics and plasmas},
     year = 1998,
    month = jan,
   volume = 70,
    pages = {1-53},
      doi = {10.1103/RevModPhys.70.1},
   adsurl = {http://adsabs.harvard.edu/abs/1998RvMP...70....1B},
  adsnote = {Provided by the SAO/NASA Astrophysics Data System}
}

@ARTICLE{1997ApJ...484..794O,
   author = {{Ouyed}, R. and {Pudritz}, R.~E.},
    title = "{Numerical Simulations of Astrophysical Jets from Keplerian Disks. II. Episodic Outflows}",
  journal = {\apj},
 keywords = {Accretion, Accretion Disks, Galaxies: Jets, ISM: Jets and Outflows, Magnetohydrodynamics: MHD},
     year = 1997,
    month = jul,
   volume = 484,
    pages = {794-809},
   adsurl = {http://adsabs.harvard.edu/abs/1997ApJ...484..794O},
  adsnote = {Provided by the SAO/NASA Astrophysics Data System}
}

@ARTICLE{1997ApJ...482..712O,
   author = {{Ouyed}, R. and {Pudritz}, R.~E.},
    title = "{Numerical Simulations of Astrophysical Jets from Keplerian Disks. I. Stationary Models}",
  journal = {\apj},
 keywords = {Accretion, Accretion Disks, Galaxies: Jets, Methods: Numerical, Magnetohydrodynamics: MHD, Shock Waves},
     year = 1997,
    month = jun,
   volume = 482,
    pages = {712-732},
   adsurl = {http://adsabs.harvard.edu/abs/1997ApJ...482..712O},
  adsnote = {Provided by the SAO/NASA Astrophysics Data System}
}

@ARTICLE{1997ApJ...482..708R,
   author = {{Romanova}, M.~M. and {Ustyugova}, G.~V. and {Koldoba}, A.~V. and 
	{Chechetkin}, V.~M. and {Lovelace}, R.~V.~E.},
    title = "{Formation of Stationary Magnetohydrodynamic Outflows from a Disk by Time-dependent Simulations}",
  journal = {\apj},
 keywords = {ISM: Jets and Outflows, Magnetohydrodynamics: MHD},
     year = 1997,
    month = jun,
   volume = 482,
    pages = {708-711},
   adsurl = {http://adsabs.harvard.edu/abs/1997ApJ...482..708R},
  adsnote = {Provided by the SAO/NASA Astrophysics Data System}
}

@ARTICLE{1997ApJ...479..200B,
   author = {{Bottorff}, M. and {Korista}, K.~T. and {Shlosman}, I. and {Blandford}, R.~D.
	},
    title = "{Dynamics of Broad Emission-Line Region in NGC 5548: Hydromagnetic Wind Model versus Observations}",
  journal = {\apj},
   eprint = {astro-ph/9610026},
 keywords = {Black Hole Physics, Galaxies: Active, Galaxies: Individual: NGC Number: NGC 5548, Galaxies: Nuclei, Galaxies: Seyfert, Line: Formation},
     year = 1997,
    month = apr,
   volume = 479,
    pages = {200-221},
   adsurl = {http://adsabs.harvard.edu/abs/1997ApJ...479..200B},
  adsnote = {Provided by the SAO/NASA Astrophysics Data System}
}

@ARTICLE{1997ApJ...474..362K,
   author = {{Kudoh}, T. and {Shibata}, K.},
    title = "{Magnetically Driven Jets from Accretion Disks. I. Steady Solutions and Application to Jets/Winds in Young Stellar Objects}",
  journal = {\apj},
 keywords = {Accretion, Accretion Disks, ISM: Jets and Outflows, Magnetohydrodynamics: MHD},
     year = 1997,
    month = jan,
   volume = 474,
    pages = {362-377},
   adsurl = {http://adsabs.harvard.edu/abs/1997ApJ...474..362K},
  adsnote = {Provided by the SAO/NASA Astrophysics Data System}
}

@INPROCEEDINGS{1997ASPC..128...19H,
   author = {{Hamann}, F. and {Barlow}, T. and {Cohen}, R.~D. and {Junkkarinen}, V. and 
	{Burbidge}, E.~M.},
    title = "{High-Velocity Narrow-Line Absorbers in QSOs}",
booktitle = {Mass Ejection from Active Galactic Nuclei},
     year = 1997,
   series = {Astronomical Society of the Pacific Conference Series},
   volume = 128,
   eprint = {astro-ph/9704234},
   editor = {{Arav}, N. and {Shlosman}, I. and {Weymann}, R.~J.},
    pages = {19},
   adsurl = {http://adsabs.harvard.edu/abs/1997ASPC..128...19H},
  adsnote = {Provided by the SAO/NASA Astrophysics Data System}
}

@ARTICLE{1996ApJ...465..617A,
   author = {{Arav}, N.},
    title = "{The ``Ghost of LY alpha '' as Evidence for Radiative Acceleration in Quasars}",
  journal = {\apj},
 keywords = {ACCELERATION OF PARTICLES, LINE: PROFILES, GALAXIES: QUASARS: ABSORPTION LINES},
     year = 1996,
    month = jul,
   volume = 465,
    pages = {617},
      doi = {10.1086/177447},
   adsurl = {http://adsabs.harvard.edu/abs/1996ApJ...465..617A},
  adsnote = {Provided by the SAO/NASA Astrophysics Data System}
}

@ARTICLE{woods1996,
   author = {{Woods}, D.~T. and {Klein}, R.~I. and {Castor}, J.~I. and {McKee}, C.~F. and 
	{Bell}, J.~B.},
    title = "{X-Ray--heated Coronae and Winds from Accretion Disks: Time-dependent Two-dimensional Hydrodynamics with Adaptive Mesh Refinement}",
  journal = {\apj},
 keywords = {ACCRETION, ACCRETION DISKS, GALAXIES: ACTIVE, HYDRODYNAMICS, STARS: CORONAE, X-RAYS: GALAXIES, X-RAYS: STARS},
     year = 1996,
    month = apr,
   volume = 461,
    pages = {767},
      doi = {10.1086/177101},
   adsurl = {http://adsabs.harvard.edu/abs/1996ApJ...461..767W},
  adsnote = {Provided by the SAO/NASA Astrophysics Data System}
}

@ARTICLE{1995ApJ...455..448D,
   author = {{de Kool}, M. and {Begelman}, M.~C.},
    title = "{Radiation Pressure--driven Magnetic Disk Winds in Broad Absorption Line Quasi-stellar Objects}",
  journal = {\apj},
 keywords = {ACCRETION, ACCRETION DISKS, MAGNETOHYDRODYNAMICS: MHD, GALAXIES: QUASARS: ABSORPTION LINES},
     year = 1995,
    month = dec,
   volume = 455,
    pages = {448},
      doi = {10.1086/176594},
   adsurl = {http://adsabs.harvard.edu/abs/1995ApJ...455..448D},
  adsnote = {Provided by the SAO/NASA Astrophysics Data System}
}

@ARTICLE{1995ApJ...451..498M,
   author = {{Murray}, N. and {Chiang}, J. and {Grossman}, S.~A. and {Voit}, G.~M.
	},
    title = "{Accretion Disk Winds from Active Galactic Nuclei}",
  journal = {\apj},
 keywords = {ACCRETION, ACCRETION DISKS, GALAXIES: NUCLEI, GALAXIES: QUASARS: ABSORPTION LINES},
     year = 1995,
    month = oct,
   volume = 451,
    pages = {498},
      doi = {10.1086/176238},
   adsurl = {http://adsabs.harvard.edu/abs/1995ApJ...451..498M},
  adsnote = {Provided by the SAO/NASA Astrophysics Data System}
}

@ARTICLE{1995ApJ...450..616C,
   author = {{Contopoulos}, J.},
    title = "{A Simple Type of Magnetically Driven Jets: an Astrophysical Plasma Gun}",
  journal = {\apj},
 keywords = {ACCELERATION OF PARTICLES, GALAXIES: JETS, ISM: JETS AND OUTFLOWS},
     year = 1995,
    month = sep,
   volume = 450,
    pages = {616},
      doi = {10.1086/176170},
   adsurl = {http://adsabs.harvard.edu/abs/1995ApJ...450..616C},
  adsnote = {Provided by the SAO/NASA Astrophysics Data System}
}

@ARTICLE{1995ApJ...439L..39U,
   author = {{Ustyugova}, G.~V. and {Koldoba}, A.~V. and {Romanova}, M.~M. and 
	{Chechetkin}, V.~M. and {Lovelace}, R.~V.~E.},
    title = "{Magnetohydrodynamic simulations of outflows from accretion disks}",
  journal = {\apjl},
 keywords = {Accretion Disks, Astronomical Models, Computerized Simulation, Interstellar Magnetic Fields, Interstellar Matter, Magnetohydrodynamics, Mathematical Models, Plasma Jets, Coronas, Kepler Laws, Plasma Pinch, Poloidal Flux, Pressure Gradients, Toroidal Plasmas},
     year = 1995,
    month = feb,
   volume = 439,
    pages = {L39-L42},
      doi = {10.1086/187739},
   adsurl = {http://adsabs.harvard.edu/abs/1995ApJ...439L..39U},
  adsnote = {Provided by the SAO/NASA Astrophysics Data System}
}

@ARTICLE{1994ApJ...434..479A,
   author = {{Arav}, N. and {Begelman}, M.~C.},
    title = "{Modeling the double-trough structure observed in broad absorption line QSOs using radiative acceleration}",
  journal = {\apj},
 keywords = {Absorption Spectra, Astronomical Models, Carbon, Line Shape, Lyman Alpha Radiation, Nitrogen, Particle Acceleration, Quasars, Ultraviolet Astronomy, Hubble Space Telescope, Luminosity, Optical Thickness, Red Shift, Resonance Lines},
     year = 1994,
    month = oct,
   volume = 434,
    pages = {479-483},
      doi = {10.1086/174748},
   adsurl = {http://adsabs.harvard.edu/abs/1994ApJ...434..479A},
  adsnote = {Provided by the SAO/NASA Astrophysics Data System}
}

@ARTICLE{1994ApJ...434..446K,
   author = {{Konigl}, A. and {Kartje}, J.~F.},
    title = "{Disk-driven hydromagnetic winds as a key ingredient of active galactic nuclei unification schemes}",
  journal = {\apj},
 keywords = {Accretion Disks, Active Galactic Nuclei, Astronomical Models, Bl Lacertae Objects, Computerized Simulation, Jet Flow, Magnetohydrodynamic Flow, Quasars, Seyfert Galaxies, Stellar Winds, Cosmic Dust, Infrared Spectra, Photoionization, Radiative Transfer, Radio Emission, Ultraviolet Spectra, X Ray Spectra},
     year = 1994,
    month = oct,
   volume = 434,
    pages = {446-467},
      doi = {10.1086/174746},
   adsurl = {http://adsabs.harvard.edu/abs/1994ApJ...434..446K},
  adsnote = {Provided by the SAO/NASA Astrophysics Data System}
}

@ARTICLE{1994ApJ...433..746S,
   author = {{Stone}, J.~M. and {Norman}, M.~L.},
    title = "{Numerical simulations of magnetic accretion disks}",
  journal = {\apj},
 keywords = {Accretion Disks, Computerized Simulation, Interstellar Magnetic Fields, Magnetohydrodynamics, Stellar Evolution, Stellar Winds, Kepler Laws, Magnetohydrodynamic Waves, Numerical Analysis},
     year = 1994,
    month = oct,
   volume = 433,
    pages = {746-756},
      doi = {10.1086/174684},
   adsurl = {http://adsabs.harvard.edu/abs/1994ApJ...433..746S},
  adsnote = {Provided by the SAO/NASA Astrophysics Data System}
}

@ARTICLE{1994ApJ...429..139C,
   author = {{Contopoulos}, J. and {Lovelace}, R.~V.~E.},
    title = "{Magnetically driven jets and winds: Exact solutions}",
  journal = {\apj},
 keywords = {Astronomical Models, Galactic Structure, Jet Flow, Magnetic Control, Magnetohydrodynamic Flow, Accretion Disks, Axisymmetric Flow, Mass Transfer, Rotating Disks},
     year = 1994,
    month = jul,
   volume = 429,
    pages = {139-152},
      doi = {10.1086/174307},
   adsurl = {http://adsabs.harvard.edu/abs/1994ApJ...429..139C},
  adsnote = {Provided by the SAO/NASA Astrophysics Data System}
}

@ARTICLE{1993ApJS...88..357K,
   author = {{Korista}, K.~T. and {Voit}, G.~M. and {Morris}, S.~L. and {Weymann}, R.~J.
	},
    title = "{Double troughs in broad absorption line quasars and Ly-alpha-N V line-locking}",
  journal = {\apjs},
 keywords = {Absorption Spectra, Computerized Simulation, Kolmogorov-Smirnov Test, Lyman Alpha Radiation, Monte Carlo Method, Quasars, Emission Spectra, Pixels},
     year = 1993,
    month = oct,
   volume = 88,
    pages = {357-381},
      doi = {10.1086/191825},
   adsurl = {http://adsabs.harvard.edu/abs/1993ApJS...88..357K},
  adsnote = {Provided by the SAO/NASA Astrophysics Data System}
}

@ARTICLE{1992ApJ...394..117P,
   author = {{Pelletier}, G. and {Pudritz}, R.~E.},
    title = "{Hydromagnetic disk winds in young stellar objects and active galactic nuclei}",
  journal = {\apj},
 keywords = {Accretion Disks, Active Galactic Nuclei, Black Holes (Astronomy), Early Stars, Magnetohydrodynamic Flow, Stellar Winds, Angular Momentum, Computational Astrophysics, Hydrodynamic Equations, Interstellar Magnetic Fields, Stellar Mass Ejection, galaxies: nuclei MHD stars: pre-main-sequence stars: mass loss},
     year = 1992,
    month = jul,
   volume = 394,
    pages = {117-138},
      doi = {10.1086/171565},
   adsurl = {http://adsabs.harvard.edu/abs/1992ApJ...394..117P},
  adsnote = {Provided by the SAO/NASA Astrophysics Data System}
}

@ARTICLE{1992ApJS...80..753S,
   author = {{Stone}, J.~M. and {Norman}, M.~L.},
    title = "{ZEUS-2D: A radiation magnetohydrodynamics code for astrophysical flows in two space dimensions. I - The hydrodynamic algorithms and tests.}",
  journal = {\apjs},
 keywords = {Computational Astrophysics, Cosmic Plasma, Hydrodynamic Equations, Magnetohydrodynamic Flow, Self Consistent Fields, Computational Grids, Finite Difference Theory, Plasma Radiation, Poisson Equation, Radiative Transfer},
     year = 1992,
    month = jun,
   volume = 80,
    pages = {753-790},
      doi = {10.1086/191680},
   adsurl = {http://adsabs.harvard.edu/abs/1992ApJS...80..753S},
  adsnote = {Provided by the SAO/NASA Astrophysics Data System}
}

@ARTICLE{1992ApJ...385..460E,
   author = {{Emmering}, R.~T. and {Blandford}, R.~D. and {Shlosman}, I.},
    title = "{Magnetic acceleration of broad emission-line clouds in active galactic nuclei}",
  journal = {\apj},
 keywords = {Active Galactic Nuclei, Emission Spectra, Line Shape, Line Spectra, Particle Acceleration, Accretion Disks, Black Holes (Astronomy), Interstellar Gas},
     year = 1992,
    month = feb,
   volume = 385,
    pages = {460-477},
      doi = {10.1086/170955},
   adsurl = {http://adsabs.harvard.edu/abs/1992ApJ...385..460E},
  adsnote = {Provided by the SAO/NASA Astrophysics Data System}
}

@ARTICLE{1991ApJ...376..214B,
   author = {{Balbus}, S.~A. and {Hawley}, J.~F.},
    title = "{A powerful local shear instability in weakly magnetized disks. I - Linear analysis. II - Nonlinear evolution}",
  journal = {\apj},
 keywords = {Accretion Disks, Magnetohydrodynamic Stability, Stellar Magnetic Fields, Stellar Mass Accretion, Boussinesq Approximation, Computational Astrophysics, Linear Systems},
     year = 1991,
    month = jul,
   volume = 376,
    pages = {214-233},
      doi = {10.1086/170270},
   adsurl = {http://adsabs.harvard.edu/abs/1991ApJ...376..214B},
  adsnote = {Provided by the SAO/NASA Astrophysics Data System}
}

@ARTICLE{1991ApJ...373...23W,
   author = {{Weymann}, R.~J. and {Morris}, S.~L. and {Foltz}, C.~B. and 
	{Hewett}, P.~C.},
    title = "{Comparisons of the emission-line and continuum properties of broad absorption line and normal quasi-stellar objects}",
  journal = {\apj},
 keywords = {Continuous Radiation, Emission Spectra, Line Spectra, Quasars, Stellar Spectra, Data Reduction, Spectral Line Width, Spectrum Analysis, Statistical Analysis, quasars},
     year = 1991,
    month = may,
   volume = 373,
    pages = {23-53},
      doi = {10.1086/170020},
   adsurl = {http://adsabs.harvard.edu/abs/1991ApJ...373...23W},
  adsnote = {Provided by the SAO/NASA Astrophysics Data System}
}

@PROCEEDINGS{1990agn..conf.....B,
    title = "{Active Galactic Nuclei}",
 keywords = {ASTRONOMIE, ASTRONOMY, ASTROPHYSICS, ASTROPHYSIK},
booktitle = {Active Galactic Nuclei},
     year = 1990,
   editor = {{Blandford}, R.~D. and {Netzer}, H. and {Woltjer}, L. and {Courvoisier}, T.~J.-L. and 
	{Mayor}, M.},
    pages = {97},
   adsurl = {http://adsabs.harvard.edu/abs/1990agn..conf.....B},
  adsnote = {Provided by the SAO/NASA Astrophysics Data System}
}

@BOOK{1989agna.book.....O,
   author = {{Osterbrock}, D.~E.},
    title = "{Astrophysics of gaseous nebulae and active galactic nuclei}",
 keywords = {Active Galactic Nuclei, Astrophysics, Planetary Nebulae, Quasars, Seyfert Galaxies, Computational Astrophysics, Cosmic Dust, Emission Spectra, Interstellar Matter, Photoionization, Spectrum Analysis, Stellar Physics, Supernova Remnants, Thermodynamic Equilibrium},
booktitle = {Research supported by the University of California, John Simon Guggenheim Memorial Foundation, University of Minnesota, et al.~Mill Valley, CA, University Science Books, 1989, 422 p.},
     year = 1989,
   adsurl = {http://adsabs.harvard.edu/abs/1989agna.book.....O},
  adsnote = {Provided by the SAO/NASA Astrophysics Data System}
}

@ARTICLE{1988ApJ...335..914O,
   author = {{Owocki}, S.~P. and {Castor}, J.~I. and {Rybicki}, G.~B.},
    title = "{Time-dependent models of radiatively driven stellar winds. I - Nonlinear evolution of instabilities for a pure absorption model}",
  journal = {\apj},
 keywords = {Balmer Series, Hydrodynamic Equations, Magnetohydrodynamic Stability, Nonlinear Evolution Equations, Radiative Transfer, Stellar Winds, Absorption Spectra, Asymptotic Methods, Infrared Spectra, O Stars, Optical Thickness, Sobolev Space, Wave Propagation},
     year = 1988,
    month = dec,
   volume = 335,
    pages = {914-930},
      doi = {10.1086/166977},
   adsurl = {http://adsabs.harvard.edu/abs/1988ApJ...335..914O},
  adsnote = {Provided by the SAO/NASA Astrophysics Data System}
}

@ARTICLE{1988ApJ...327..840C,
   author = {{Cannizzo}, J.~K. and {Pudritz}, R.~E.},
    title = "{A new angular momentum loss mechanism for cataclysmic variables}",
  journal = {\apj},
 keywords = {Accretion Disks, Angular Momentum, Cataclysmic Variables, Stellar Evolution, Stellar Winds, Carbon, Cygnus Constellation, Gravitational Effects, Iue, Secular Variations, Silicon},
     year = 1988,
    month = apr,
   volume = 327,
    pages = {840-844},
      doi = {10.1086/166241},
   adsurl = {http://adsabs.harvard.edu/abs/1988ApJ...327..840C},
  adsnote = {Provided by the SAO/NASA Astrophysics Data System}
}

@INPROCEEDINGS{1988qal..conf...17T,
   author = {{Turnshek}, D.~A.},
    title = "{BAL QSOs: Observations, Models and Implications for Narrow Absorption Line Systems}",
booktitle = {QSO Absorption Lines: Probing the Universe},
     year = 1988,
   editor = {{Blades}, J.~C. and {Turnshek}, D.~A. and {Norman}, C.~A.},
    pages = {17},
   adsurl = {http://adsabs.harvard.edu/abs/1988qal..conf...17T},
  adsnote = {Provided by the SAO/NASA Astrophysics Data System}
}

@ARTICLE{1987ApJ...317..450F,
   author = {{Foltz}, C.~B. and {Weymann}, R.~J. and {Morris}, S.~L. and 
	{Turnshek}, D.~A.},
    title = "{The complex absorption spectrum of the broad absorption line QSO 1303 + 308}",
  journal = {\apj},
 keywords = {Absorption Spectra, Astronomical Spectroscopy, Line Spectra, Quasars, Lyman Alpha Radiation, Radial Velocity, Velocity Distribution},
     year = 1987,
    month = jun,
   volume = 317,
    pages = {450-459},
      doi = {10.1086/165290},
   adsurl = {http://adsabs.harvard.edu/abs/1987ApJ...317..450F},
  adsnote = {Provided by the SAO/NASA Astrophysics Data System}
}

@ARTICLE{1986A&A...164...86P,
   author = {{Pauldrach}, A. and {Puls}, J. and {Kudritzki}, R.~P.},
    title = "{Radiation-driven winds of hot luminous stars - Improvements of the theory and first results}",
  journal = {\aap},
 keywords = {Hot Stars, Stellar Atmospheres, Stellar Radiation, Stellar Winds, Approximation, Photosphere, Radiation Pressure, Shock Waves, Stellar Magnetic Fields, Stellar Models, Stellar Rotation},
     year = 1986,
    month = aug,
   volume = 164,
    pages = {86-100},
   adsurl = {http://adsabs.harvard.edu/abs/1986A%26A...164...86P},
  adsnote = {Provided by the SAO/NASA Astrophysics Data System}
}

@ARTICLE{1986ApJ...301..571P,
   author = {{Pudritz}, R.~E. and {Norman}, C.~A.},
    title = "{Bipolar hydromagnetic winds from disks around protostellar objects}",
  journal = {\apj},
 keywords = {Magnetohydrodynamics, Pre-Main Sequence Stars, Protostars, Stellar Evolution, Stellar Winds, Acceleration (Physics), Galactic Nuclei, Magnetic Field Configurations, Molecular Clouds, Momentum Transfer, T Tauri Stars, Torque},
     year = 1986,
    month = feb,
   volume = 301,
    pages = {571-586},
      doi = {10.1086/163924},
   adsurl = {http://adsabs.harvard.edu/abs/1986ApJ...301..571P},
  adsnote = {Provided by the SAO/NASA Astrophysics Data System}
}

@ARTICLE{1986PASJ...38..631S,
   author = {{Shibata}, K. and {Uchida}, Y.},
    title = "{A magnetodynamic mechanism for the formation of astrophysical jets. II - Dynamical processes in the accretion of magnetized mass in rotation}",
  journal = {\pasj},
 keywords = {Accretion Disks, Gyromagnetism, Magnetohydrodynamic Flow, Plasma Jets, Rotating Matter, Axes Of Rotation, Gravitational Fields, Kinetic Energy, Magnetic Field Configurations, Magnetization, Periodic Variations},
     year = 1986,
   volume = 38,
    pages = {631-660},
   adsurl = {http://adsabs.harvard.edu/abs/1986PASJ...38..631S},
  adsnote = {Provided by the SAO/NASA Astrophysics Data System}
}

@ARTICLE{1985ApJ...294...96S,
   author = {{Shlosman}, I. and {Vitello}, P.~A. and {Shaviv}, G.},
    title = "{Active galactic nuclei - Internal dynamics and formation of emission clouds}",
  journal = {\apj},
 keywords = {Accretion Disks, Active Galactic Nuclei, Black Holes (Astronomy), Cosmic Plasma, Clouds, Emission Spectra, Galactic Structure, Luminosity, Lyman Alpha Radiation, Opacity, Optical Thickness, Photosphere, Steady State, Ultraviolet Spectra},
     year = 1985,
    month = jul,
   volume = 294,
    pages = {96-105},
      doi = {10.1086/163278},
   adsurl = {http://adsabs.harvard.edu/abs/1985ApJ...294...96S},
  adsnote = {Provided by the SAO/NASA Astrophysics Data System}
}

@ARTICLE{1985PASJ...37..515U,
   author = {{Uchida}, Y. and {Shibata}, K.},
    title = "{Magnetodynamical acceleration of CO and optical bipolar flows from the region of star formation}",
  journal = {\pasj},
 keywords = {Acceleration (Physics), Cosmic Gases, Magnetohydrodynamics, Radio Jets (Astronomy), Stellar Evolution, Angular Velocity, Carbon Monoxide, Centrifugal Force, Magnetic Field Configurations, Millimeter Waves, Rotating Disks},
     year = 1985,
   volume = 37,
    pages = {515-535},
   adsurl = {http://adsabs.harvard.edu/abs/1985PASJ...37..515U},
  adsnote = {Provided by the SAO/NASA Astrophysics Data System}
}

@ARTICLE{begelman1983,
   author = {{Begelman}, M.~C. and {McKee}, C.~F. and {Shields}, G.~A.},
    title = "{Compton heated winds and coronae above accretion disks. I Dynamics}",
  journal = {\apj},
 keywords = {Accretion Disks, Stellar Coronas, Stellar Mass Accretion, Stellar Winds, X Ray Astronomy, Active Galactic Nuclei, Binary Stars, Hydrodynamic Equations, Quasars, Stellar Mass Ejection, X Ray Binaries, X Ray Sources},
     year = 1983,
    month = aug,
   volume = 271,
    pages = {70-88},
      doi = {10.1086/161178},
   adsurl = {http://adsabs.harvard.edu/abs/1983ApJ...271...70B},
  adsnote = {Provided by the SAO/NASA Astrophysics Data System}
}

@ARTICLE{1982MNRAS.199..883B,
   author = {{Blandford}, R.~D. and {Payne}, D.~G.},
    title = "{Hydromagnetic flows from accretion discs and the production of radio jets}",
  journal = {\mnras},
 keywords = {Astrophysics, Energy Transfer, Magnetohydrodynamic Flow, Momentum Transfer, Radio Jets (Astronomy), Stellar Mass Accretion, Angular Momentum, Black Holes (Astronomy), Critical Point, Disks (Shapes), Solar Corona},
     year = 1982,
    month = jun,
   volume = 199,
    pages = {883-903},
      doi = {10.1093/mnras/199.4.883},
   adsurl = {http://adsabs.harvard.edu/abs/1982MNRAS.199..883B},
  adsnote = {Provided by the SAO/NASA Astrophysics Data System}
}

@ARTICLE{1975ApJ...195..157C,
   author = {{Castor}, J.~I. and {Abbott}, D.~C. and {Klein}, R.~I.},
    title = "{Radiation-driven winds in Of stars}",
  journal = {\apj},
 keywords = {Astronomical Models, Line Spectra, O Stars, Radiation Pressure, Stellar Mass Ejection, Stellar Winds, Emission Spectra, Main Sequence Stars, Molecular Oscillators, Optical Thickness, Stellar Atmospheres, Stellar Evolution, Stellar Spectra},
     year = 1975,
    month = jan,
   volume = 195,
    pages = {157-174},
      doi = {10.1086/153315},
   adsurl = {http://adsabs.harvard.edu/abs/1975ApJ...195..157C},
  adsnote = {Provided by the SAO/NASA Astrophysics Data System}
}

