@ARTICLE{hillier1984,
   author = {{Hillier}, D.~J.},
    title = "{The influence of electron scattering on the He II line profiles in HD 50896}",
  journal = {\apj},
 keywords = {Electron Scattering, Helium, Line Spectra, Stellar Spectra, Early Stars, Opacity, Stellar Atmospheres, Wolf-Rayet Stars},
     year = 1984,
    month = may,
   volume = 280,
    pages = {744-748},
      doi = {10.1086/162047},
   adsurl = {http://cdsads.u-strasbg.fr/abs/1984ApJ...280..744H},
  adsnote = {Provided by the SAO/NASA Astrophysics Data System}
}

@ARTICLE{abbott1982,
   author = {{Abbott}, D.~C.},
    title = "{The theory of radiatively driven stellar winds. II - The line acceleration}",
  journal = {\apj},
 keywords = {Line Spectra, Radiation Pressure, Stellar Envelopes, Stellar Mass Ejection, Stellar Spectra, Stellar Winds, B Stars, Early Stars, O Stars, Stellar Temperature, Supergiant Stars, Wolf-Rayet Stars},
     year = 1982,
    month = aug,
   volume = 259,
    pages = {282-301},
      doi = {10.1086/160166},
   adsurl = {http://adsabs.harvard.edu/abs/1982ApJ...259..282A},
  adsnote = {Provided by the SAO/NASA Astrophysics Data System}
}

@ARTICLE{struve1935,
   author = {{Struve}, O.},
    title = "{The Spectrum of P Cygni}",
  journal = {\apj},
     year = 1935,
    month = jan,
   volume = 81,
    pages = {66},
      doi = {10.1086/143617},
   adsurl = {http://adsabs.harvard.edu/abs/1935ApJ....81...66S},
  adsnote = {Provided by the SAO/NASA Astrophysics Data Sysstem}
}

@ARTICLE{rottenburg1952,
   author = {{Rottenberg}, J.~A.},
    title = "{Theoretical line profiles for stars of P Cygni type}",
  journal = {\mnras},
     year = 1952,
   volume = 112,
    pages = {125},
      doi = {10.1093/mnras/112.2.125},
   adsurl = {http://adsabs.harvard.edu/abs/1952MNRAS.112..125R},
  adsnote = {Provided by the SAO/NASA Astrophysics Data System}
}

@ARTICLE{najarro1997,
   author = {{Najarro}, F. and {Hillier}, D.~J. and {Stahl}, O.},
    title = "{A spectroscopic investigation of P Cygni. I. H and HeI lines.}",
  journal = {\aap},
 keywords = {STARS: EARLY-TYPE, STARS: MASS-LOSS, STARS: ATMOSPHERES, STARS: SUPERGIANTS, STARS: INDIVIDUAL: P CYGNI},
     year = 1997,
    month = oct,
   volume = 326,
    pages = {1117-1134},
   adsurl = {http://adsabs.harvard.edu/abs/1997A%26A...326.1117N},
  adsnote = {Provided by the SAO/NASA Astrophysics Data System}
}

@ARTICLE{hilliermiller1999,
   author = {{Hillier}, D.~J. and {Miller}, D.~L.},
    title = "{Constraints on the Evolution of Massive Stars through Spectral Analysis. I. The WC5 Star HD 165763}",
  journal = {\apj},
 keywords = {STARS: ABUNDANCES, STARS: FUNDAMENTAL PARAMETERS, STARS: INDIVIDUAL (HD 165763), STARS: WOLF-RAYET, Stars: Abundances, Stars: Fundamental Parameters, stars: individual (HD 165763), Stars: Wolf-Rayet},
     year = 1999,
    month = jul,
   volume = 519,
    pages = {354-371},
      doi = {10.1086/307339},
   adsurl = {http://adsabs.harvard.edu/abs/1999ApJ...519..354H},
  adsnote = {Provided by the SAO/NASA Astrophysics Data System}
}

@ARTICLE{runacres2002,
   author = {{Runacres}, M.~C. and {Owocki}, S.~P.},
    title = "{The outer evolution of instability-generated structure in radiatively driven stellar winds}",
  journal = {\aap},
 keywords = {STARS: EARLY-TYPE, STARS: MASS-LOSS, STARS: WINDS, OUTFLOWS, HYDRODYNAMICS, INSTABILITIES},
     year = 2002,
    month = jan,
   volume = 381,
    pages = {1015-1025},
      doi = {10.1051/0004-6361:20011526},
   adsurl = {http://adsabs.harvard.edu/abs/2002A%26A...381.1015R},
  adsnote = {Provided by the SAO/NASA Astrophysics Data System}
}

@ARTICLE{surlan2012,
   author = {{{\v S}urlan}, B. and {Hamann}, W.-R. and {Kub{\'a}t}, J. and 
	{Oskinova}, L.~M. and {Feldmeier}, A.},
    title = "{Three-dimensional radiative transfer in clumped hot star winds. I. Influence of clumping on the resonance line formation}",
  journal = {\aap},
archivePrefix = "arXiv",
   eprint = {1202.4787},
 primaryClass = "astro-ph.SR",
 keywords = {stars: winds, outflows, stars: mass-loss, stars: early-type},
     year = 2012,
    month = may,
   volume = 541,
      eid = {A37},
    pages = {A37},
      doi = {10.1051/0004-6361/201118590},
   adsurl = {http://cdsads.u-strasbg.fr/abs/2012A%26A...541A..37S},
  adsnote = {Provided by the SAO/NASA Astrophysics Data System}
}

@INPROCEEDINGS{hamann2008,
   author = {{Hamann}, W.-R. and {Oskinova}, L.~M. and {Feldmeier}, A.},
    title = "{Spectrum formation in clumpy stellar winds}",
booktitle = {Clumping in Hot-Star Winds},
     year = 2008,
   editor = {{Hamann}, W.-R. and {Feldmeier}, A. and {Oskinova}, L.~M.},
    month = apr,
    pages = {75},
   adsurl = {http://adsabs.harvard.edu/abs/2008cihw.conf...75H},
  adsnote = {Provided by the SAO/NASA Astrophysics Data System}
}


@ARTICLE{hamann1998,
   author = {{Hamann}, W.-R. and {Koesterke}, L.},
    title = "{Spectrum formation in clumped stellar winds: consequences for the analyses of Wolf-Rayet spectra}",
  journal = {\aap},
 keywords = {RADIATIVE TRANSFER, STARS: ATMOSPHERES, STARS: FUNDAMENTAL PARAMETERS, STARS: MASS LOSS, STARS: WOLF-RAYET},
     year = 1998,
    month = jul,
   volume = 335,
    pages = {1003-1008},
   adsurl = {http://cdsads.u-strasbg.fr/abs/1998A%26A...335.1003H},
  adsnote = {Provided by the SAO/NASA Astrophysics Data System}
}

@ARTICLE{macgregor1979,
   author = {{MacGregor}, K.~B. and {Hartmann}, L. and {Raymond}, J.~C.},
    title = "{Radiative amplification of sound waves in the winds of O and B stars}",
  journal = {\apj},
 keywords = {B Stars, O Stars, Radiative Transfer, Sound Waves, Stellar Winds, Absorption Spectra, Numerical Analysis, Optical Thickness, Wave Dispersion},
     year = 1979,
    month = jul,
   volume = 231,
    pages = {514-523},
      doi = {10.1086/157213},
   adsurl = {http://adsabs.harvard.edu/abs/1979ApJ...231..514M},
  adsnote = {Provided by the SAO/NASA Astrophysics Data System}
}


@ARTICLE{hillier1991eswingsmodel,
   author = {{Hillier}, D.~J.},
    title = "{The effects of electron scattering and wind clumping for early emission line stars}",
  journal = {\aap},
 keywords = {Electron Scattering, Radiative Transfer, Stellar Atmospheres, Stellar Spectra, Stellar Winds, Wolf-Rayet Stars, Emission Spectra, Line Spectra, Monte Carlo Method, Stellar Models},
     year = 1991,
    month = jul,
   volume = 247,
    pages = {455-468},
   adsurl = {http://cdsads.u-strasbg.fr/abs/1991A%26A...247..455H},
  adsnote = {Provided by the SAO/NASA Astrophysics Data System}
}


@ARTICLE{1982ApJ...259..282A,
   author = {{Abbott}, D.~C.},
    title = "{The theory of radiatively driven stellar winds. II - The line acceleration}",
  journal = {\apj},
 keywords = {Line Spectra, Radiation Pressure, Stellar Envelopes, Stellar Mass Ejection, Stellar Spectra, Stellar Winds, B Stars, Early Stars, O Stars, Stellar Temperature, Supergiant Stars, Wolf-Rayet Stars},
     year = 1982,
    month = aug,
   volume = 259,
    pages = {282-301},
      doi = {10.1086/160166},
   adsurl = {http://adsabs.harvard.edu/abs/1982ApJ...259..282A},
  adsnote = {Provided by the SAO/NASA Astrophysics Data System}
}

@ARTICLE{1982ApJ...255..286L,
   author = {{Lucy}, L.~B.},
    title = "{X-ray emission from the winds of hot stars. II}",
  journal = {\apj},
 keywords = {Hot Stars, Shock Waves, Stellar Radiation, Stellar Winds, X Ray Spectra, Early Stars, Stellar Models},
     year = 1982,
    month = apr,
   volume = 255,
    pages = {286-292},
      doi = {10.1086/159827},
   adsurl = {http://adsabs.harvard.edu/abs/1982ApJ...255..286L},
  adsnote = {Provided by the SAO/NASA Astrophysics Data System}
}

@ARTICLE{abbott1980,
   author = {{Abbott}, D.~C.},
    title = "{The theory of radiatively driven stellar winds. I - A physical interpretation}",
  journal = {\apj},
 keywords = {Early Stars, Radiative Transfer, Stellar Mass Ejection, Stellar Winds, Gas Pressure, Interstellar Matter, Mathematical Models, Sound Waves, Stellar Magnetic Fields, Stellar Rotation, Wave Propagation},
     year = 1980,
    month = dec,
   volume = 242,
    pages = {1183-1207},
      doi = {10.1086/158550},
   adsurl = {http://adsabs.harvard.edu/abs/1980ApJ...242.1183A},
  adsnote = {Provided by the SAO/NASA Astrophysics Data System}
}

@ARTICLE{carlberg1980,
   author = {{Carlberg}, R.~G.},
    title = "{The instability of radiation-driven stellar winds}",
  journal = {\apj},
 keywords = {Astrophysics, Stellar Radiation, Stellar Winds, Flow Stability, Stellar Models},
     year = 1980,
    month = nov,
   volume = 241,
    pages = {1131-1140},
      doi = {10.1086/158428},
   adsurl = {http://adsabs.harvard.edu/abs/1980ApJ...241.1131C},
  adsnote = {Provided by the SAO/NASA Astrophysics Data System}
}

@ARTICLE{1980ApJ...241..300L,
   author = {{Lucy}, L.~B. and {White}, R.~L.},
    title = "{X-ray emission from the winds of hot stars}",
  journal = {\apj},
 keywords = {Early Stars, Hot Stars, Stellar Winds, X Ray Stars, Emission Spectra, Phenomenology, Radiative Transfer, Stellar Models},
     year = 1980,
    month = oct,
   volume = 241,
    pages = {300-305},
      doi = {10.1086/158342},
   adsurl = {http://adsabs.harvard.edu/abs/1980ApJ...241..300L},
  adsnote = {Provided by the SAO/NASA Astrophysics Data System}
}

@ARTICLE{1979ApJ...231..514M,
   author = {{MacGregor}, K.~B. and {Hartmann}, L. and {Raymond}, J.~C.},
    title = "{Radiative amplification of sound waves in the winds of O and B stars}",
  journal = {\apj},
 keywords = {B Stars, O Stars, Radiative Transfer, Sound Waves, Stellar Winds, Absorption Spectra, Numerical Analysis, Optical Thickness, Wave Dispersion},
     year = 1979,
    month = jul,
   volume = 231,
    pages = {514-523},
      doi = {10.1086/157213},
   adsurl = {http://adsabs.harvard.edu/abs/1979ApJ...231..514M},
  adsnote = {Provided by the SAO/NASA Astrophysics Data System}
}

@ARTICLE{cassinelli1979,
   author = {{Cassinelli}, J.~P.},
    title = "{Stellar winds}",
  journal = {\araa},
 keywords = {Early Stars, Late Stars, Stellar Atmospheres, Stellar Winds, Dust, Infrared Spectra, Radiative Transfer, Stellar Coronas, Stellar Mass Ejection, Stellar Models},
     year = 1979,
   volume = 17,
    pages = {275-308},
      doi = {10.1146/annurev.aa.17.090179.001423},
   adsurl = {http://adsabs.harvard.edu/abs/1979ARA%26A..17..275C},
  adsnote = {Provided by the SAO/NASA Astrophysics Data System}
}

@ARTICLE{1978ApJ...225..893A,
   author = {{Abbott}, D.~C.},
    title = "{The terminal velocities of stellar winds from early-type stars}",
  journal = {\apj},
 keywords = {Early Stars, Stellar Winds, Terminal Velocity, Ultraviolet Astronomy, Wind Velocity, A Stars, B Stars, Escape Velocity, O Stars, Oao 3, Radiation Pressure, Stellar Evolution, Stellar Mass Ejection, Wolf-Rayet Stars},
     year = 1978,
    month = nov,
   volume = 225,
    pages = {893-901},
      doi = {10.1086/156554},
   adsurl = {http://adsabs.harvard.edu/abs/1978ApJ...225..893A},
  adsnote = {Provided by the SAO/NASA Astrophysics Data System}
}

@BOOK{1978stat.book.....M,
   author = {{Mihalas}, D.},
    title = "{Stellar atmospheres /2nd edition/}",
 keywords = {Absorption Cross Sections, Atmospheric Models, Gray Gas, Radiative Transfer, Stellar Atmospheres, Stellar Spectra, Stellar Winds, Absorption Spectra, Atmospheric Physics, Equilibrium Equations, Line Spectra, Radiation Distribution, Stellar Radiation, Thermodynamic Equilibrium},
booktitle = {San Francisco, W.~H.~Freeman and Co., 1978.~650 p.},
     year = 1978,
   adsurl = {http://adsabs.harvard.edu/abs/1978stat.book.....M},
  adsnote = {Provided by the SAO/NASA Astrophysics Data System}
}

@ARTICLE{1976ApJS...32..715L,
   author = {{Lamers}, H.~J.~G.~L.~M. and {Morton}, D.~C.},
    title = "{Mass ejection from the O4f star Zeta Puppis}",
  journal = {\apjs},
 keywords = {Absorption Spectra, O Stars, Stellar Mass Ejection, Stellar Models, Acceleration (Physics), Electron Scattering, Far Ultraviolet Radiation, Ionization, Mass Flow Rate, Stellar Envelopes, Stellar Winds, Velocity Distribution},
     year = 1976,
    month = oct,
   volume = 32,
    pages = {715-736},
      doi = {10.1086/190413},
   adsurl = {http://adsabs.harvard.edu/abs/1976ApJS...32..715L},
  adsnote = {Provided by the SAO/NASA Astrophysics Data System}
}

@ARTICLE{CAK75,
   author = {{Castor}, J.~I. and {Abbott}, D.~C. and {Klein}, R.~I.},
    title = "{Radiation-driven winds in Of stars}",
  journal = {\apj},
 keywords = {Astronomical Models, Line Spectra, O Stars, Radiation Pressure, Stellar Mass Ejection, Stellar Winds, Emission Spectra, Main Sequence Stars, Molecular Oscillators, Optical Thickness, Stellar Atmospheres, Stellar Evolution, Stellar Spectra},
     year = 1975,
    month = jan,
   volume = 195,
    pages = {157-174},
      doi = {10.1086/153315},
   adsurl = {http://adsabs.harvard.edu/abs/1975ApJ...195..157C},
  adsnote = {Provided by the SAO/NASA Astrophysics Data System}
}

@ARTICLE{castor1974,
   author = {{Castor}, J.~L.},
    title = "{On the force associated with absorption of spectral line radiation}",
  journal = {\mnras},
     year = 1974,
    month = nov,
   volume = 169,
    pages = {279-306},
   adsurl = {http://adsabs.harvard.edu/abs/1974MNRAS.169..279C},
  adsnote = {Provided by the SAO/NASA Astrophysics Data System}
}

@ARTICLE{1972A&A....19..417H,
   author = {{Hearn}, A.~G.},
    title = "{Chromospheric Heating of Very Hot Stars by Radiation Driven Sound Waves}",
  journal = {\aap},
     year = 1972,
    month = jul,
   volume = 19,
    pages = {417},
   adsurl = {http://adsabs.harvard.edu/abs/1972A%26A....19..417H},
  adsnote = {Provided by the SAO/NASA Astrophysics Data System}
}

@ARTICLE{1971ApJ...163...95L,
   author = {{Lucy}, L.~B.},
    title = "{The Formation of Resonance Lines in Extended and Expanding Atmospheres}",
  journal = {\apj},
     year = 1971,
    month = jan,
   volume = 163,
    pages = {95},
      doi = {10.1086/150748},
   adsurl = {http://adsabs.harvard.edu/abs/1971ApJ...163...95L},
  adsnote = {Provided by the SAO/NASA Astrophysics Data System}
}

@ARTICLE{lucysolomon1970,
   author = {{Lucy}, L.~B. and {Solomon}, P.~M.},
    title = "{Mass Loss by Hot Stars}",
  journal = {\apj},
     year = 1970,
    month = mar,
   volume = 159,
    pages = {879},
      doi = {10.1086/150365},
   adsurl = {http://adsabs.harvard.edu/abs/1970ApJ...159..879L},
  adsnote = {Provided by the SAO/NASA Astrophysics Data System}
}

@BOOK{1960mes..book.....S,
   author = {{Sobolev}, V.~V.},
    title = "{Moving envelopes of stars}",
 keywords = {CIRCUMSTELLAR ENVELOPES},
booktitle = {Cambridge: Harvard University Press, 1960},
     year = 1960,
   adsurl = {http://adsabs.harvard.edu/abs/1960mes..book.....S},
  adsnote = {Provided by the SAO/NASA Astrophysics Data System}
}

@ARTICLE{1957SvA.....1..678S,
   author = {{Sobolev}, V.~V.},
    title = "{The Diffusion of L{$\alpha$} Radiation in Nebulae and Stellar Envelopes.}",
  journal = {\sovast},
     year = 1957,
    month = oct,
   volume = 1,
    pages = {678},
   adsurl = {http://adsabs.harvard.edu/abs/1957SvA.....1..678S},
  adsnote = {Provided by the SAO/NASA Astrophysics Data System}
}

@BOOK{1956pfig.book.....S,
   author = {{Spitzer}, L.},
    title = "{Physics of Fully Ionized Gases}",
booktitle = {Physics of Fully Ionized Gases, New York: Interscience Publishers, 1956},
     year = 1956,
   adsurl = {http://adsabs.harvard.edu/abs/1956pfig.book.....S},
  adsnote = {Provided by the SAO/NASA Astrophysics Data System}
}



@ARTICLE{owockirybicki1984,
   author = {{Owocki}, S.~P. and {Rybicki}, G.~B.},
    title = "{Instabilities in line-driven stellar winds. I - Dependence on perturbation wavelength}",
  journal = {\apj},
 keywords = {Hot Stars, Magnetohydrodynamic Stability, Perturbation Theory, Radiative Transfer, Sobolev Space, Stellar Winds, Bessel Functions, Doppler Effect, Sound Waves},
     year = 1984,
    month = sep,
   volume = 284,
    pages = {337-350},
      doi = {10.1086/162412},
   adsurl = {http://adsabs.harvard.edu/abs/1984ApJ...284..337O},
  adsnote = {Provided by the SAO/NASA Astrophysics Data System}
}

@ARTICLE{owockirybicki1985,
   author = {{Owocki}, S.~P. and {Rybicki}, G.~B.},
    title = "{Instabilities in line-driven stellar winds. II - Effect of scattering}",
  journal = {\apj},
 keywords = {Electromagnetic Scattering, Radiative Transfer, Stellar Winds, Limb Darkening, Optical Thickness, Perturbation Theory, Transfer Functions, Wave Dispersion},
     year = 1985,
    month = dec,
   volume = 299,
    pages = {265-276},
      doi = {10.1086/163697},
   adsurl = {http://adsabs.harvard.edu/abs/1985ApJ...299..265O},
  adsnote = {Provided by the SAO/NASA Astrophysics Data System}
}


Query Results from the ADS Database


Retrieved 36 abstracts, starting with number 1.  Total number selected: 36.

@ARTICLE{1998A&A...333..251H,
   author = {{Hamann}, W.-R. and {Koesterke}, L.},
    title = "{The nitrogen spectra of Wolf-Rayet stars. A grid of models and its application to the Galactic WN sample}",
  journal = {\aap},
 keywords = {STARS: FUNDAMENTAL PARAMETERS, HERTZSPRUNG-RUSSELL (HR) DIAGRAM, STARS: MASS LOSS, STARS: WOLF-RAYET},
     year = 1998,
    month = may,
   volume = 333,
    pages = {251-263},
   adsurl = {http://cdsads.u-strasbg.fr/abs/1998A%26A...333..251H},
  adsnote = {Provided by the SAO/NASA Astrophysics Data System}
}

@ARTICLE{1998ApJ...496..407H,
   author = {{Hillier}, D.~J. and {Miller}, D.~L.},
    title = "{The Treatment of Non-LTE Line Blanketing in Spherically Expanding Outflows}",
  journal = {\apj},
 keywords = {RADIATIVE TRANSFER, STARS: EMISSION-LINE, BE, LINE: FORMATION, STARS: MASS LOSS, STARS: WOLF-RAYET, Line: Formation, Radiative Transfer, Stars: Emission-Line, Be, Stars: Mass Loss, Stars: Wolf-Rayet},
     year = 1998,
    month = mar,
   volume = 496,
    pages = {407-427},
      doi = {10.1086/305350},
   adsurl = {http://cdsads.u-strasbg.fr/abs/1998ApJ...496..407H},
  adsnote = {Provided by the SAO/NASA Astrophysics Data System}
}

@ARTICLE{1998A&A...329..190G,
   author = {{Grafener}, G. and {Hamann}, W.-R. and {Hillier}, D.~J. and 
  {Koesterke}, L.},
    title = "{Spectral analyses of WC stars in the LMC}",
  journal = {\aap},
 keywords = {STARS: WOLF-RAYET, STARS: ABUNDANCES, STARS: MASS LOSS, MAGELLANIC CLOUDS},
     year = 1998,
    month = jan,
   volume = 329,
    pages = {190-198},
   adsurl = {http://cdsads.u-strasbg.fr/abs/1998A%26A...329..190G},
  adsnote = {Provided by the SAO/NASA Astrophysics Data System}
}

@ARTICLE{schmutz1997,
   author = {{Schmutz}, W.},
    title = "{Photon loss from the helium Ly{$\alpha$} line - the key to the acceleration of Wolf-Rayet winds.}",
  journal = {\aap},
 keywords = {HYDRODYNAMICS, RADIATIVE TRANSFER, METHODS: NUMERICAL, STARS: INDIVIDUAL: HD 50896, STARS: MASS-LOSS, STARS: WOLF-RAYET},
     year = 1997,
    month = may,
   volume = 321,
    pages = {268-287},
   adsurl = {http://cdsads.u-strasbg.fr/abs/1997A%26A...321..268S},
  adsnote = {Provided by the SAO/NASA Astrophysics Data System}
}

@ARTICLE{1997A&A...320..500C,
   author = {{Crowther}, P.~A. and {Smith}, L.~J.},
    title = "{Fundamental parameters of Wolf-Rayet stars. VI. Large Magellanic Cloud WNL stars.}",
  journal = {\aap},
 keywords = {STARS: WOLF-RAYET, MASS-LOSS, EVOLUTION, FUNDAMENTAL PARAMETERS, GALAXIES: MAGELLANIC CLOUDS},
     year = 1997,
    month = apr,
   volume = 320,
    pages = {500-524},
   adsurl = {http://cdsads.u-strasbg.fr/abs/1997A%26A...320..500C},
  adsnote = {Provided by the SAO/NASA Astrophysics Data System}
}

@ARTICLE{1996A&A...315..421H,
   author = {{Heger}, A. and {Langer}, N.},
    title = "{Stationary hydrodynamic models of Wolf-Rayet stars with optically thick winds.}",
  journal = {\aap},
 keywords = {WOLF-RAYET STARS, MASS LOSS, MASSIVE STARS},
     year = 1996,
    month = nov,
   volume = 315,
    pages = {421-431},
   adsurl = {http://cdsads.u-strasbg.fr/abs/1996A%26A...315..421H},
  adsnote = {Provided by the SAO/NASA Astrophysics Data System}
}

@ARTICLE{1995A&AS..113..459H,
   author = {{Hamann}, W.-R. and {Koesterke}, L. and {Wessolowski}, U.},
    title = "{Spectral atlas of the Galactic Wolf-Rayet stars (WN sequence).}",
  journal = {\aaps},
 keywords = {STARS: WOLF-RAYET, ATLAS},
     year = 1995,
    month = nov,
   volume = 113,
    pages = {459},
   adsurl = {http://cdsads.u-strasbg.fr/abs/1995A%26AS..113..459H},
  adsnote = {Provided by the SAO/NASA Astrophysics Data System}
}

@ARTICLE{1995A&A...299..523F,
   author = {{Feldmeier}, A.},
    title = "{Time-dependent structure and energy transfer in hot star winds.}",
  journal = {\aap},
 keywords = {STARS: EARLY TYPE, STARS: MASS-LOSS, HYDRO, DYNAMICS, INSTABILITIES},
     year = 1995,
    month = jul,
   volume = 299,
    pages = {523},
   adsurl = {http://cdsads.u-strasbg.fr/abs/1995A%26A...299..523F},
  adsnote = {Provided by the SAO/NASA Astrophysics Data System}
}

@ARTICLE{1995A&A...299..151H,
   author = {{Hamann}, W.-R. and {Koesterke}, L. and {Wessolowski}, U.},
    title = "{Spectral analyses of the Galactic Wolf-Rayet stars: hydrogen-helium abundances and improved stellar parameters for the WN class}",
  journal = {\aap},
 keywords = {STARS: ABUNDANCES, STARS: ATMOSPHERES, STARS: FUNDAMENTAL PARAMETERS, HERTZSPRUNG-RUSSELL (HR) DIAGRAM, STARS: MASS LOSS, STARS: WOLF-RAYET},
     year = 1995,
    month = jul,
   volume = 299,
    pages = {151},
   adsurl = {http://cdsads.u-strasbg.fr/abs/1995A%26A...299..151H},
  adsnote = {Provided by the SAO/NASA Astrophysics Data System}
}

@ARTICLE{owocki2014,
   author = {{Owocki}, S.},
    title = "{Theory of Winds from Hot, Luminous Massive Stars}",
  journal = {ArXiv e-prints},
archivePrefix = "arXiv",
   eprint = {1409.2084},
 primaryClass = "astro-ph.SR",
 keywords = {Astrophysics - Solar and Stellar Astrophysics},
     year = 2014,
    month = sep,
   adsurl = {http://adsabs.harvard.edu/abs/2014arXiv1409.2084O},
  adsnote = {Provided by the SAO/NASA Astrophysics Data System}
}


@ARTICLE{brown1995,
   author = {{Brown}, J.~C. and {Richardson}, L.~L. and {Antokhin}, I. and 
  {Robert}, C. and {Moffat}, A.~F.~J. and {St-Louis}, N.},
    title = "{Combined spectrometric, photometric and polarimetric diagnostics for `blobs' in WR star winds.}",
  journal = {\aap},
 keywords = {STARS: WR, STARS: MASS LOSS, POLARISATION},
     year = 1995,
    month = mar,
   volume = 295,
    pages = {725},
   adsurl = {http://cdsads.u-strasbg.fr/abs/1995A%26A...295..725B},
  adsnote = {Provided by the SAO/NASA Astrophysics Data System}
}

@INPROCEEDINGS{1995IAUS..163..512P,
   author = {{Pollock}, A.~M.~T. and {Haberl}, F. and {Corcoran}, M.~F.},
    title = "{The ROSAT PSPC survey of the Wolf-Rayet stars}",
booktitle = {Wolf-Rayet Stars: Binaries; Colliding Winds; Evolution},
     year = 1995,
   series = {IAU Symposium},
   volume = 163,
   editor = {{van der Hucht}, K.~A. and {Williams}, P.~M.},
    pages = {512},
   adsurl = {http://cdsads.u-strasbg.fr/abs/1995IAUS..163..512P},
  adsnote = {Provided by the SAO/NASA Astrophysics Data System}
}

@INPROCEEDINGS{1995IAUS..163..174W,
   author = {{Wessolowaki}, U. and {Hamann}, W.-R. and {Koesterke}, L. and 
  {Hillier}, D.~J. and {Puls}, J.},
    title = "{X-ray emission from Wolf-Rayet stars}",
booktitle = {Wolf-Rayet Stars: Binaries; Colliding Winds; Evolution},
     year = 1995,
   series = {IAU Symposium},
   volume = 163,
   editor = {{van der Hucht}, K.~A. and {Williams}, P.~M.},
    pages = {174},
   adsurl = {http://cdsads.u-strasbg.fr/abs/1995IAUS..163..174W},
  adsnote = {Provided by the SAO/NASA Astrophysics Data System}
}

@ARTICLE{1994Ap&SS.221....3O,
   author = {{Owocki}, S.~P.},
    title = "{Theory review: Line-driven instability and other causes of structure and variability in hot-star winds}",
  journal = {\apss},
 keywords = {Astrophysics, Hot Stars, Stellar Luminosity, Stellar Rotation, Stellar Structure, Stellar Winds, Variability, Line Spectra, Spectral Signatures, Stellar Evolution, Stellar Models, Stochastic Processes, Ultraviolet Spectra},
     year = 1994,
    month = nov,
   volume = 221,
    pages = {3-23},
      doi = {10.1007/BF01091139},
   adsurl = {http://cdsads.u-strasbg.fr/abs/1994Ap%26SS.221....3O},
  adsnote = {Provided by the SAO/NASA Astrophysics Data System}
}

@ARTICLE{1994Ap&SS.216...55M,
   author = {{Moffat}, A.~F.~J. and {Lepine}, S. and {Henriksen}, R.~N. and 
  {Robert}, C.},
    title = "{First wavelet analysis of emission line variations in Wolf-Rayet stars}",
  journal = {\apss},
 keywords = {Emission Spectra, Hot Stars, Interstellar Matter, Line Spectra, Magnetohydrodynamic Flow, Mass Spectra, Plasma Turbulence, Stellar Models, Stellar Spectra, Stellar Winds, Wavelet Analysis, Wolf-Rayet Stars, Compressible Flow, Power Series, Power Spectra, Scaling Laws, Stellar Mass, Supersonic Flow, Turbulent Flow},
     year = 1994,
    month = jun,
   volume = 216,
    pages = {55-65},
      doi = {10.1007/BF00982468},
   adsurl = {http://cdsads.u-strasbg.fr/abs/1994Ap%26SS.216...55M},
  adsnote = {Provided by the SAO/NASA Astrophysics Data System}
}

@ARTICLE{1994ApJ...421..310M,
   author = {{Moffat}, A.~F.~J. and {Robert}, C.},
    title = "{Clumping and mass loss in hot star winds}",
  journal = {\apj},
 keywords = {Stellar Mass, Stellar Mass Ejection, Stellar Spectra, Stellar Winds, Wolf-Rayet Stars, Astronomical Models, Astronomical Spectroscopy, Plasma Turbulence, Stellar Physics},
     year = 1994,
    month = jan,
   volume = 421,
    pages = {310-313},
      doi = {10.1086/173648},
   adsurl = {http://cdsads.u-strasbg.fr/abs/1994ApJ...421..310M},
  adsnote = {Provided by the SAO/NASA Astrophysics Data System}
}

@ARTICLE{hamann1994,
   author = {{Hamann}, W.-R. and {Wessolowski}, U. and {Koesterke}, L.},
    title = "{Non-LTE spectral analyses of Wolf-Rayet stars: The nitrogen spectrum of the WN6 prototype HD 192163 (WR136)}",
  journal = {\aap},
 keywords = {Abundance, Line Spectra, Nitrogen, Spectrum Analysis, Stellar Atmospheres, Wolf-Rayet Stars, Chemical Composition, Doppler Effect, Emission Spectra, Helium, Radiative Transfer},
     year = 1994,
    month = jan,
   volume = 281,
    pages = {184-198},
   adsurl = {http://cdsads.u-strasbg.fr/abs/1994A%26A...281..184H},
  adsnote = {Provided by the SAO/NASA Astrophysics Data System}
}

@ARTICLE{1993A&A...274..397H,
   author = {{Hamann}, W.~R. and {Koesterke}, L. and {Wessolowski}, U.},
    title = "{Spectra Analysis of the Galactic Wolf-Rayet Stars - a Comprehensive Study of the WN Class}",
  journal = {\aap},
 keywords = {stars: atmospheres, stars: fundamental parameters, stars: mass-loss, stars: Wolf-Rayet},
     year = 1993,
    month = jul,
   volume = 274,
    pages = {397},
   adsurl = {http://cdsads.u-strasbg.fr/abs/1993A%26A...274..397H},
  adsnote = {Provided by the SAO/NASA Astrophysics Data System}
}

@ARTICLE{1993ApJ...410..342S,
   author = {{St.-Louis}, N. and {Moffat}, A.~F.~J. and {Lapointe}, L. and 
  {Efimov}, Y.~S. and {Shakhovskoj}, N.~M. and {Fox}, G.~K. and 
  {Piirola}, V.},
    title = "{Polarization eclipse model of the Wolf-Rayet binary V444 Cygni with constraints on the stellar radii and an estimate of the Wolf-Rayet mass-loss rate}",
  journal = {\apj},
 keywords = {Astronomical Polarimetry, Binary Stars, Stellar Mass Ejection, Stellar Models, Stellar Occultation, Wolf-Rayet Stars, Computational Astrophysics, Electron Scattering, Light Curve, Linear Polarization, Polarization Characteristics, Ubv Spectra},
     year = 1993,
    month = jun,
   volume = 410,
    pages = {342-356},
      doi = {10.1086/172751},
   adsurl = {http://cdsads.u-strasbg.fr/abs/1993ApJ...410..342S},
  adsnote = {Provided by the SAO/NASA Astrophysics Data System}
}

@ARTICLE{1993SSRv...66..237H,
   author = {{Hamann}, W.-R.},
    title = "{Spectral analyses of Wolf-Rayet stars: Theory, results, conclusions}",
  journal = {\ssr},
 keywords = {stars: Wolf-Rayet, stars: expanding atmospheres, stars: mass-loss, stars: fundamental parameters, stars: element abundances},
     year = 1993,
    month = mar,
   volume = 66,
    pages = {237-251},
      doi = {10.1007/BF00771073},
   adsurl = {http://cdsads.u-strasbg.fr/abs/1993SSRv...66..237H},
  adsnote = {Provided by the SAO/NASA Astrophysics Data System}
}

@ARTICLE{1993ApJ...405..738L,
   author = {{Lucy}, L.~B. and {Abbott}, D.~C.},
    title = "{Multiline transfer and the dynamics of Wolf-Rayet winds}",
  journal = {\apj},
 keywords = {Mass Flow, Monte Carlo Method, Radiative Transfer, Stellar Winds, Wolf-Rayet Stars, Astronomical Models, Electron Scattering, Line Spectra, Luminosity, Photoionization, Radiation Pressure, Stratification},
     year = 1993,
    month = mar,
   volume = 405,
    pages = {738-746},
      doi = {10.1086/172402},
   adsurl = {http://cdsads.u-strasbg.fr/abs/1993ApJ...405..738L},
  adsnote = {Provided by the SAO/NASA Astrophysics Data System}
}

@ARTICLE{1992A&A...266..402B,
   author = {{Baum}, E. and {Hamann}, W.-R. and {Koesterke}, L. and {Wessolowski}, U.
  },
    title = "{A semi-empirical model for the X-ray emission from single Wolf-Rayet stars}",
  journal = {\aap},
 keywords = {Astronomical Models, Emission Spectra, Wolf-Rayet Stars, X Ray Sources, Abundance, Line Spectra, Radiative Transfer, Stellar Atmospheres, Stellar Winds},
     year = 1992,
    month = dec,
   volume = 266,
    pages = {402-408},
   adsurl = {http://cdsads.u-strasbg.fr/abs/1992A%26A...266..402B},
  adsnote = {Provided by the SAO/NASA Astrophysics Data System}
}

@ARTICLE{prinja1992,
   author = {{Prinja}, R.~K. and {Smith}, L.~J.},
    title = "{Migrating optical depth enhancements in the UV wind lines of the Wolf-Rayet star HD 93131}",
  journal = {\aap},
 keywords = {Stellar Mass Ejection, Stellar Winds, Ultraviolet Spectra, Wolf-Rayet Stars, Absorption Spectra, Astronomical Spectroscopy, Iue, Spectral Line Width},
     year = 1992,
    month = dec,
   volume = 266,
    pages = {377-384},
   adsurl = {http://cdsads.u-strasbg.fr/abs/1992A%26A...266..377P},
  adsnote = {Provided by the SAO/NASA Astrophysics Data System}
}

@ARTICLE{1992A&A...255..490K,
   author = {{Koesterke}, L. and {Hamann}, W.-R. and {Kosmol}, P.},
    title = "{Upgrading the Accelerated Lambda Iteration technique by means of 'least change secant methods'}",
  journal = {\aap},
 keywords = {Algorithms, Iterative Solution, Nonlinear Equations, Radiative Transfer, Stellar Atmospheres, Approximation, Equilibrium Equations, Matrices (Mathematics), Reaction Kinetics},
     year = 1992,
    month = feb,
   volume = 255,
    pages = {490-494},
   adsurl = {http://cdsads.u-strasbg.fr/abs/1992A%26A...255..490K},
  adsnote = {Provided by the SAO/NASA Astrophysics Data System}
}

@ARTICLE{hamann1992wr,
   author = {{Hamann}, W.-R. and {Leuenhagen}, U. and {Koesterke}, L. and 
  {Wessolowski}, U.},
    title = "{Modelling the spectrum of WC-type Wolf-Rayet stars}",
  journal = {\aap},
 keywords = {Emission Spectra, Stellar Atmospheres, Stellar Spectra, Wolf-Rayet Stars, Carbon Stars, Electron Transitions, Helium, Ionization, Stellar Models},
     year = 1992,
    month = feb,
   volume = 255,
    pages = {200-214},
   adsurl = {http://cdsads.u-strasbg.fr/abs/1992A%26A...255..200H},
  adsnote = {Provided by the SAO/NASA Astrophysics Data System}
}


@ARTICLE{1989A&A...210..236S,
   author = {{Schmutz}, W. and {Hamann}, W.-R. and {Wessolowski}, U.},
    title = "{Spectral analysis of 30 Wolf-Rayet stars}",
  journal = {\aap},
 keywords = {Spectrum Analysis, Stellar Luminosity, Stellar Spectra, Stellar Temperature, Wolf-Rayet Stars, Helium, Hydrogen, Radiative Transfer, Stellar Atmospheres, Stellar Evolution, Stellar Magnitude},
     year = 1989,
    month = feb,
   volume = 210,
    pages = {236-248},
   adsurl = {http://cdsads.u-strasbg.fr/abs/1989A%26A...210..236S},
  adsnote = {Provided by the SAO/NASA Astrophysics Data System}
}

@ARTICLE{1988ApJ...335..914O,
   author = {{Owocki}, S.~P. and {Castor}, J.~I. and {Rybicki}, G.~B.},
    title = "{Time-dependent models of radiatively driven stellar winds. I - Nonlinear evolution of instabilities for a pure absorption model}",
  journal = {\apj},
 keywords = {Balmer Series, Hydrodynamic Equations, Magnetohydrodynamic Stability, Nonlinear Evolution Equations, Radiative Transfer, Stellar Winds, Absorption Spectra, Asymptotic Methods, Infrared Spectra, O Stars, Optical Thickness, Sobolev Space, Wave Propagation},
     year = 1988,
    month = dec,
   volume = 335,
    pages = {914-930},
      doi = {10.1086/166977},
   adsurl = {http://cdsads.u-strasbg.fr/abs/1988ApJ...335..914O},
  adsnote = {Provided by the SAO/NASA Astrophysics Data System}
}

@ARTICLE{1988ApJ...327..822H,
   author = {{Hillier}, D.~J.},
    title = "{The formation of nitrogen and carbon emission lines in HD 50896 (WN5)}",
  journal = {\apj},
 keywords = {Carbon Stars, Emission Spectra, Line Spectra, Nitrogen, Wolf-Rayet Stars, Abundance, Computational Astrophysics, Continuous Radiation, Electron Density (Concentration), Stellar Atmospheres, Temperature Distribution},
     year = 1988,
    month = apr,
   volume = 327,
    pages = {822-839},
      doi = {10.1086/166240},
   adsurl = {http://cdsads.u-strasbg.fr/abs/1988ApJ...327..822H},
  adsnote = {Provided by the SAO/NASA Astrophysics Data System}
}

@ARTICLE{1988A&A...194..190H,
   author = {{Hamann}, W.-R. and {Schmutz}, W. and {Wessolowski}, U.},
    title = "{Spectral analysis of the Wolf-Rayet star HD 50896}",
  journal = {\aap},
 keywords = {Line Spectra, Radiative Transfer, Spectrum Analysis, Stellar Mass Ejection, Wolf-Rayet Stars, Helium, Stellar Atmospheres, Stellar Models, Stellar Structure},
     year = 1988,
    month = apr,
   volume = 194,
    pages = {190-196},
   adsurl = {http://cdsads.u-strasbg.fr/abs/1988A%26A...194..190H},
  adsnote = {Provided by the SAO/NASA Astrophysics Data System}
}

@ARTICLE{1988A&A...194..160W,
   author = {{Wessolowski}, U. and {Schmutz}, W. and {Hamann}, W.-R.},
    title = "{Synthetic helium spectra for Wolf-Rayet stars - A grid of models}",
  journal = {\aap},
 keywords = {Helium, Radiative Transfer, Stellar Mass Ejection, Stellar Spectra, Stellar Temperature, Wolf-Rayet Stars, Atmospheric Models, Spectral Line Width},
     year = 1988,
    month = apr,
   volume = 194,
    pages = {160-166},
   adsurl = {http://cdsads.u-strasbg.fr/abs/1988A%26A...194..160W},
  adsnote = {Provided by the SAO/NASA Astrophysics Data System}
}

@ARTICLE{1987ApJS...65..459T,
   author = {{Torres}, A.~V. and {Massey}, P.},
    title = "{An atlas of optical spectrophotometry of Wolf-Rayet carbon and oxygen stars}",
  journal = {\apjs},
 keywords = {Carbon Stars, Optical Emission Spectroscopy, Stellar Composition, Stellar Spectrophotometry, Stellar Winds, Wolf-Rayet Stars, Cygnus Constellation, High Resolution, Oxygen, Ultraviolet Spectra},
     year = 1987,
    month = nov,
   volume = 65,
    pages = {459-483},
      doi = {10.1086/191233},
   adsurl = {http://cdsads.u-strasbg.fr/abs/1987ApJS...65..459T},
  adsnote = {Provided by the SAO/NASA Astrophysics Data System}
}

@ARTICLE{1987ApJS...63..965H,
   author = {{Hillier}, D.~J.},
    title = "{An empirical model for the Wolf-Rayet star HD 50896}",
  journal = {\apjs},
 keywords = {Stellar Atmospheres, Stellar Mass Ejection, Stellar Models, Stellar Winds, Wolf-Rayet Stars, Abundance, Atmospheric Stratification, Helium, Radiative Transfer, Spectral Line Width},
     year = 1987,
    month = apr,
   volume = 63,
    pages = {965-981},
      doi = {10.1086/191188},
   adsurl = {http://cdsads.u-strasbg.fr/abs/1987ApJS...63..965H},
  adsnote = {Provided by the SAO/NASA Astrophysics Data System}
}

@ARTICLE{1987ApJS...63..947H,
   author = {{Hillier}, D.~J.},
    title = "{Modeling the extended atmospheres of WN stars}",
  journal = {\apjs},
 keywords = {Atmospheric Models, Stellar Atmospheres, Stellar Models, Wolf-Rayet Stars, Atmospheric Composition, Equilibrium Equations, Helium Atoms, Hydrogen Atoms, Radiative Transfer, Resonance Lines, Stellar Temperature},
     year = 1987,
    month = apr,
   volume = 63,
    pages = {947-964},
      doi = {10.1086/191187},
   adsurl = {http://cdsads.u-strasbg.fr/abs/1987ApJS...63..947H},
  adsnote = {Provided by the SAO/NASA Astrophysics Data System}
}

@ARTICLE{1984ApJ...280..744H,
   author = {{Hillier}, D.~J.},
    title = "{The influence of electron scattering on the He II line profiles in HD 50896}",
  journal = {\apj},
 keywords = {Electron Scattering, Helium, Line Spectra, Stellar Spectra, Early Stars, Opacity, Stellar Atmospheres, Wolf-Rayet Stars},
     year = 1984,
    month = may,
   volume = 280,
    pages = {744-748},
      doi = {10.1086/162047},
   adsurl = {http://cdsads.u-strasbg.fr/abs/1984ApJ...280..744H},
  adsnote = {Provided by the SAO/NASA Astrophysics Data System}
}

@ARTICLE{1981SSRv...28..227V,
   author = {{van der Hucht}, K.~A. and {Conti}, P.~S. and {Lundstrom}, I. and 
  {Stenholm}, B.},
    title = "{The Sixth Catalogue of galactic Wolf-Rayet stars, their past and present}",
  journal = {\ssr},
 keywords = {Astronomical Catalogs, Astronomical Maps, Binary Stars, Stellar Spectra, Wolf-Rayet Stars, Atmospheric Models, Chemical Composition, Stellar Atmospheres, Stellar Evolution, Stellar Mass Ejection, Tables (Data)},
     year = 1981,
   volume = 28,
    pages = {227-306},
      doi = {10.1007/BF00173260},
   adsurl = {http://cdsads.u-strasbg.fr/abs/1981SSRv...28..227V},
  adsnote = {Provided by the SAO/NASA Astrophysics Data System}
}

@ARTICLE{1962MNRAS.125...21H,
   author = {{Hummer}, D.~G.},
    title = "{Non-coherent scattering: I. The redistribution function with Doppler broadening}",
  journal = {\mnras},
     year = 1962,
   volume = 125,
    pages = {21-37},
      doi = {10.1093/mnras/125.1.21},
   adsurl = {http://cdsads.u-strasbg.fr/abs/1962MNRAS.125...21H},
  adsnote = {Provided by the SAO/NASA Astrophysics Data System}
}

